%YAML 1.1
%TAG !u! tag:unity3d.com,2011:
--- !u!29 &1
OcclusionCullingSettings:
  m_ObjectHideFlags: 0
  serializedVersion: 2
  m_OcclusionBakeSettings:
    smallestOccluder: 5
    smallestHole: 0.25
    backfaceThreshold: 100
  m_SceneGUID: 00000000000000000000000000000000
  m_OcclusionCullingData: {fileID: 0}
--- !u!104 &2
RenderSettings:
  m_ObjectHideFlags: 0
  serializedVersion: 9
  m_Fog: 0
  m_FogColor: {r: 0.5, g: 0.5, b: 0.5, a: 1}
  m_FogMode: 3
  m_FogDensity: 0.01
  m_LinearFogStart: 0
  m_LinearFogEnd: 300
  m_AmbientSkyColor: {r: 0.212, g: 0.227, b: 0.259, a: 1}
  m_AmbientEquatorColor: {r: 0.114, g: 0.125, b: 0.133, a: 1}
  m_AmbientGroundColor: {r: 0.047, g: 0.043, b: 0.035, a: 1}
  m_AmbientIntensity: 1
  m_AmbientMode: 0
  m_SubtractiveShadowColor: {r: 0.42, g: 0.478, b: 0.627, a: 1}
  m_SkyboxMaterial: {fileID: 10304, guid: 0000000000000000f000000000000000, type: 0}
  m_HaloStrength: 0.5
  m_FlareStrength: 1
  m_FlareFadeSpeed: 3
  m_HaloTexture: {fileID: 0}
  m_SpotCookie: {fileID: 10001, guid: 0000000000000000e000000000000000, type: 0}
  m_DefaultReflectionMode: 0
  m_DefaultReflectionResolution: 128
  m_ReflectionBounces: 1
  m_ReflectionIntensity: 1
  m_CustomReflection: {fileID: 0}
  m_Sun: {fileID: 705507994}
  m_IndirectSpecularColor: {r: 0, g: 0, b: 0, a: 1}
  m_UseRadianceAmbientProbe: 0
--- !u!157 &3
LightmapSettings:
  m_ObjectHideFlags: 0
  serializedVersion: 11
  m_GIWorkflowMode: 1
  m_GISettings:
    serializedVersion: 2
    m_BounceScale: 1
    m_IndirectOutputScale: 1
    m_AlbedoBoost: 1
    m_EnvironmentLightingMode: 0
    m_EnableBakedLightmaps: 1
    m_EnableRealtimeLightmaps: 0
  m_LightmapEditorSettings:
    serializedVersion: 12
    m_Resolution: 2
    m_BakeResolution: 40
    m_AtlasSize: 1024
    m_AO: 0
    m_AOMaxDistance: 1
    m_CompAOExponent: 1
    m_CompAOExponentDirect: 0
    m_ExtractAmbientOcclusion: 0
    m_Padding: 2
    m_LightmapParameters: {fileID: 0}
    m_LightmapsBakeMode: 1
    m_TextureCompression: 1
    m_FinalGather: 0
    m_FinalGatherFiltering: 1
    m_FinalGatherRayCount: 256
    m_ReflectionCompression: 2
    m_MixedBakeMode: 2
    m_BakeBackend: 1
    m_PVRSampling: 1
    m_PVRDirectSampleCount: 32
    m_PVRSampleCount: 500
    m_PVRBounces: 2
    m_PVREnvironmentSampleCount: 500
    m_PVREnvironmentReferencePointCount: 2048
    m_PVRFilteringMode: 2
    m_PVRDenoiserTypeDirect: 0
    m_PVRDenoiserTypeIndirect: 0
    m_PVRDenoiserTypeAO: 0
    m_PVRFilterTypeDirect: 0
    m_PVRFilterTypeIndirect: 0
    m_PVRFilterTypeAO: 0
    m_PVREnvironmentMIS: 0
    m_PVRCulling: 1
    m_PVRFilteringGaussRadiusDirect: 1
    m_PVRFilteringGaussRadiusIndirect: 5
    m_PVRFilteringGaussRadiusAO: 2
    m_PVRFilteringAtrousPositionSigmaDirect: 0.5
    m_PVRFilteringAtrousPositionSigmaIndirect: 2
    m_PVRFilteringAtrousPositionSigmaAO: 1
    m_ExportTrainingData: 0
    m_TrainingDataDestination: TrainingData
    m_LightProbeSampleCountMultiplier: 4
  m_LightingDataAsset: {fileID: 0}
  m_UseShadowmask: 1
--- !u!196 &4
NavMeshSettings:
  serializedVersion: 2
  m_ObjectHideFlags: 0
  m_BuildSettings:
    serializedVersion: 2
    agentTypeID: 0
    agentRadius: 0.5
    agentHeight: 2
    agentSlope: 45
    agentClimb: 0.4
    ledgeDropHeight: 0
    maxJumpAcrossDistance: 0
    minRegionArea: 2
    manualCellSize: 0
    cellSize: 0.16666667
    manualTileSize: 0
    tileSize: 256
    accuratePlacement: 0
    debug:
      m_Flags: 0
  m_NavMeshData: {fileID: 0}
--- !u!1 &208006389 stripped
GameObject:
  m_CorrespondingSourceObject: {fileID: 1142158722, guid: 716d515a0ed320e4da941f9e0ced17f6,
    type: 3}
  m_PrefabInstance: {fileID: 7535370453010935099}
  m_PrefabAsset: {fileID: 0}
--- !u!114 &208006393
MonoBehaviour:
  m_ObjectHideFlags: 3
  m_CorrespondingSourceObject: {fileID: 0}
  m_PrefabInstance: {fileID: 0}
  m_PrefabAsset: {fileID: 0}
  m_GameObject: {fileID: 208006389}
  m_Enabled: 1
  m_EditorHideFlags: 0
  m_Script: {fileID: 11500000, guid: 36d1163fa822e8b418a0a603ec078d5c, type: 3}
  m_Name: 
  m_EditorClassIdentifier: 
  m_Damping: 0
--- !u!1 &705507993
GameObject:
  m_ObjectHideFlags: 0
  m_CorrespondingSourceObject: {fileID: 0}
  m_PrefabInstance: {fileID: 0}
  m_PrefabAsset: {fileID: 0}
  serializedVersion: 6
  m_Component:
  - component: {fileID: 705507995}
  - component: {fileID: 705507994}
  m_Layer: 0
  m_Name: Directional Light
  m_TagString: Untagged
  m_Icon: {fileID: 0}
  m_NavMeshLayer: 0
  m_StaticEditorFlags: 0
  m_IsActive: 1
--- !u!108 &705507994
Light:
  m_ObjectHideFlags: 0
  m_CorrespondingSourceObject: {fileID: 0}
  m_PrefabInstance: {fileID: 0}
  m_PrefabAsset: {fileID: 0}
  m_GameObject: {fileID: 705507993}
  m_Enabled: 1
  serializedVersion: 10
  m_Type: 1
  m_Shape: 0
  m_Color: {r: 1, g: 0.95686275, b: 0.8392157, a: 1}
  m_Intensity: 1
  m_Range: 10
  m_SpotAngle: 30
  m_InnerSpotAngle: 21.80208
  m_CookieSize: 10
  m_Shadows:
    m_Type: 2
    m_Resolution: -1
    m_CustomResolution: -1
    m_Strength: 1
    m_Bias: 0.05
    m_NormalBias: 0.4
    m_NearPlane: 0.2
    m_CullingMatrixOverride:
      e00: 1
      e01: 0
      e02: 0
      e03: 0
      e10: 0
      e11: 1
      e12: 0
      e13: 0
      e20: 0
      e21: 0
      e22: 1
      e23: 0
      e30: 0
      e31: 0
      e32: 0
      e33: 1
    m_UseCullingMatrixOverride: 0
  m_Cookie: {fileID: 0}
  m_DrawHalo: 0
  m_Flare: {fileID: 0}
  m_RenderMode: 0
  m_CullingMask:
    serializedVersion: 2
    m_Bits: 4294967295
  m_RenderingLayerMask: 1
  m_Lightmapping: 1
  m_LightShadowCasterMode: 0
  m_AreaSize: {x: 1, y: 1}
  m_BounceIntensity: 1
  m_ColorTemperature: 6570
  m_UseColorTemperature: 0
  m_BoundingSphereOverride: {x: 0, y: 0, z: 0, w: 0}
  m_UseBoundingSphereOverride: 0
  m_ShadowRadius: 0
  m_ShadowAngle: 0
--- !u!4 &705507995
Transform:
  m_ObjectHideFlags: 0
  m_CorrespondingSourceObject: {fileID: 0}
  m_PrefabInstance: {fileID: 0}
  m_PrefabAsset: {fileID: 0}
  m_GameObject: {fileID: 705507993}
  m_LocalRotation: {x: 0.40821788, y: -0.23456968, z: 0.10938163, w: 0.8754261}
  m_LocalPosition: {x: 9.578254, y: -14.239922, z: -0.7047558}
  m_LocalScale: {x: 1, y: 1, z: 1}
  m_Children: []
  m_Father: {fileID: 945547417}
  m_RootOrder: 1
  m_LocalEulerAnglesHint: {x: 50, y: -30, z: 0}
--- !u!1 &945547416
GameObject:
  m_ObjectHideFlags: 0
  m_CorrespondingSourceObject: {fileID: 0}
  m_PrefabInstance: {fileID: 0}
  m_PrefabAsset: {fileID: 0}
  serializedVersion: 6
  m_Component:
  - component: {fileID: 945547417}
  m_Layer: 0
  m_Name: essentials
  m_TagString: Untagged
  m_Icon: {fileID: 0}
  m_NavMeshLayer: 0
  m_StaticEditorFlags: 0
  m_IsActive: 1
--- !u!4 &945547417
Transform:
  m_ObjectHideFlags: 0
  m_CorrespondingSourceObject: {fileID: 0}
  m_PrefabInstance: {fileID: 0}
  m_PrefabAsset: {fileID: 0}
  m_GameObject: {fileID: 945547416}
  m_LocalRotation: {x: 0, y: 0, z: 0, w: 1}
  m_LocalPosition: {x: -9.578254, y: 17.239922, z: 0.7047558}
  m_LocalScale: {x: 1, y: 1, z: 1}
  m_Children:
  - {fileID: 963194228}
  - {fileID: 705507995}
  m_Father: {fileID: 0}
  m_RootOrder: 0
  m_LocalEulerAnglesHint: {x: 0, y: 0, z: 0}
--- !u!1 &963194225
GameObject:
  m_ObjectHideFlags: 0
  m_CorrespondingSourceObject: {fileID: 0}
  m_PrefabInstance: {fileID: 0}
  m_PrefabAsset: {fileID: 0}
  serializedVersion: 6
  m_Component:
  - component: {fileID: 963194228}
  - component: {fileID: 963194227}
  - component: {fileID: 963194226}
  - component: {fileID: 963194229}
  m_Layer: 0
  m_Name: Main Camera
  m_TagString: MainCamera
  m_Icon: {fileID: 0}
  m_NavMeshLayer: 0
  m_StaticEditorFlags: 0
  m_IsActive: 1
--- !u!81 &963194226
AudioListener:
  m_ObjectHideFlags: 0
  m_CorrespondingSourceObject: {fileID: 0}
  m_PrefabInstance: {fileID: 0}
  m_PrefabAsset: {fileID: 0}
  m_GameObject: {fileID: 963194225}
  m_Enabled: 1
--- !u!20 &963194227
Camera:
  m_ObjectHideFlags: 0
  m_CorrespondingSourceObject: {fileID: 0}
  m_PrefabInstance: {fileID: 0}
  m_PrefabAsset: {fileID: 0}
  m_GameObject: {fileID: 963194225}
  m_Enabled: 1
  serializedVersion: 2
  m_ClearFlags: 1
  m_BackGroundColor: {r: 0.19215687, g: 0.3019608, b: 0.4745098, a: 0}
  m_projectionMatrixMode: 1
  m_GateFitMode: 2
  m_FOVAxisMode: 0
  m_SensorSize: {x: 36, y: 24}
  m_LensShift: {x: 0, y: 0}
  m_FocalLength: 50
  m_NormalizedViewPortRect:
    serializedVersion: 2
    x: 0
    y: 0
    width: 1
    height: 1
  near clip plane: 0.1
  far clip plane: 5000
  field of view: 40
  orthographic: 0
  orthographic size: 5
  m_Depth: -1
  m_CullingMask:
    serializedVersion: 2
    m_Bits: 4294967295
  m_RenderingPath: -1
  m_TargetTexture: {fileID: 0}
  m_TargetDisplay: 0
  m_TargetEye: 3
  m_HDR: 1
  m_AllowMSAA: 1
  m_AllowDynamicResolution: 0
  m_ForceIntoRT: 0
  m_OcclusionCulling: 1
  m_StereoConvergence: 10
  m_StereoSeparation: 0.022
--- !u!4 &963194228
Transform:
  m_ObjectHideFlags: 0
  m_CorrespondingSourceObject: {fileID: 0}
  m_PrefabInstance: {fileID: 0}
  m_PrefabAsset: {fileID: 0}
  m_GameObject: {fileID: 963194225}
  m_LocalRotation: {x: 0.15304591, y: 0.6903456, z: -0.15304591, w: 0.6903456}
  m_LocalPosition: {x: 26.178352, y: -8.470091, z: 0.7569492}
  m_LocalScale: {x: 1, y: 1, z: 1}
  m_Children: []
  m_Father: {fileID: 945547417}
  m_RootOrder: 0
  m_LocalEulerAnglesHint: {x: 0, y: 0, z: 0}
--- !u!114 &963194229
MonoBehaviour:
  m_ObjectHideFlags: 0
  m_CorrespondingSourceObject: {fileID: 0}
  m_PrefabInstance: {fileID: 0}
  m_PrefabAsset: {fileID: 0}
  m_GameObject: {fileID: 963194225}
  m_Enabled: 1
  m_EditorHideFlags: 0
  m_Script: {fileID: 11500000, guid: 72ece51f2901e7445ab60da3685d6b5f, type: 3}
  m_Name: 
  m_EditorClassIdentifier: 
  m_ShowDebugText: 0
  m_ShowCameraFrustum: 1
  m_IgnoreTimeScale: 0
  m_WorldUpOverride: {fileID: 0}
  m_UpdateMethod: 2
  m_BlendUpdateMethod: 1
  m_DefaultBlend:
    m_Style: 1
    m_Time: 2
    m_CustomCurve:
      serializedVersion: 2
      m_Curve: []
      m_PreInfinity: 2
      m_PostInfinity: 2
      m_RotationOrder: 4
  m_CustomBlends: {fileID: 11400000, guid: ee5771210d7b35d42b55fba84a2c17a7, type: 2}
  m_CameraCutEvent:
    m_PersistentCalls:
      m_Calls: []
  m_CameraActivatedEvent:
    m_PersistentCalls:
      m_Calls: []
--- !u!1 &1280371203
GameObject:
  m_ObjectHideFlags: 0
  m_CorrespondingSourceObject: {fileID: 0}
  m_PrefabInstance: {fileID: 0}
  m_PrefabAsset: {fileID: 0}
  serializedVersion: 6
  m_Component:
  - component: {fileID: 1280371206}
  - component: {fileID: 1280371205}
  - component: {fileID: 1280371204}
  m_Layer: 0
  m_Name: EventSystem
  m_TagString: Untagged
  m_Icon: {fileID: 0}
  m_NavMeshLayer: 0
  m_StaticEditorFlags: 0
  m_IsActive: 1
--- !u!114 &1280371204
MonoBehaviour:
  m_ObjectHideFlags: 0
  m_CorrespondingSourceObject: {fileID: 0}
  m_PrefabInstance: {fileID: 0}
  m_PrefabAsset: {fileID: 0}
  m_GameObject: {fileID: 1280371203}
  m_Enabled: 1
  m_EditorHideFlags: 0
  m_Script: {fileID: 11500000, guid: 4f231c4fb786f3946a6b90b886c48677, type: 3}
  m_Name: 
  m_EditorClassIdentifier: 
  m_HorizontalAxis: Horizontal
  m_VerticalAxis: Vertical
  m_SubmitButton: Submit
  m_CancelButton: Cancel
  m_InputActionsPerSecond: 10
  m_RepeatDelay: 0.5
  m_ForceModuleActive: 0
--- !u!114 &1280371205
MonoBehaviour:
  m_ObjectHideFlags: 0
  m_CorrespondingSourceObject: {fileID: 0}
  m_PrefabInstance: {fileID: 0}
  m_PrefabAsset: {fileID: 0}
  m_GameObject: {fileID: 1280371203}
  m_Enabled: 1
  m_EditorHideFlags: 0
  m_Script: {fileID: 11500000, guid: 76c392e42b5098c458856cdf6ecaaaa1, type: 3}
  m_Name: 
  m_EditorClassIdentifier: 
  m_FirstSelected: {fileID: 0}
  m_sendNavigationEvents: 1
  m_DragThreshold: 10
--- !u!4 &1280371206
Transform:
  m_ObjectHideFlags: 0
  m_CorrespondingSourceObject: {fileID: 0}
  m_PrefabInstance: {fileID: 0}
  m_PrefabAsset: {fileID: 0}
  m_GameObject: {fileID: 1280371203}
  m_LocalRotation: {x: 0, y: 0, z: 0, w: 1}
  m_LocalPosition: {x: 0, y: 0, z: 0}
  m_LocalScale: {x: 1, y: 1, z: 1}
  m_Children: []
  m_Father: {fileID: 0}
  m_RootOrder: 4
  m_LocalEulerAnglesHint: {x: 0, y: 0, z: 0}
--- !u!1001 &1311745833
PrefabInstance:
  m_ObjectHideFlags: 0
  serializedVersion: 2
  m_Modification:
    m_TransformParent: {fileID: 0}
    m_Modifications:
    - target: {fileID: 235759147584896990, guid: 29edb29db08550e4a80ab083fe522648,
        type: 3}
      propertyPath: m_Name
      value: ShitSpawner
      objectReference: {fileID: 0}
    - target: {fileID: 235759147584896991, guid: 29edb29db08550e4a80ab083fe522648,
        type: 3}
      propertyPath: m_LocalPosition.x
      value: 425.064
      objectReference: {fileID: 0}
    - target: {fileID: 235759147584896991, guid: 29edb29db08550e4a80ab083fe522648,
        type: 3}
      propertyPath: m_LocalPosition.y
      value: 0.5
      objectReference: {fileID: 0}
    - target: {fileID: 235759147584896991, guid: 29edb29db08550e4a80ab083fe522648,
        type: 3}
      propertyPath: m_LocalPosition.z
      value: -0.21
      objectReference: {fileID: 0}
    - target: {fileID: 235759147584896991, guid: 29edb29db08550e4a80ab083fe522648,
        type: 3}
      propertyPath: m_LocalRotation.x
      value: 0
      objectReference: {fileID: 0}
    - target: {fileID: 235759147584896991, guid: 29edb29db08550e4a80ab083fe522648,
        type: 3}
      propertyPath: m_LocalRotation.y
      value: 0
      objectReference: {fileID: 0}
    - target: {fileID: 235759147584896991, guid: 29edb29db08550e4a80ab083fe522648,
        type: 3}
      propertyPath: m_LocalRotation.z
      value: 0
      objectReference: {fileID: 0}
    - target: {fileID: 235759147584896991, guid: 29edb29db08550e4a80ab083fe522648,
        type: 3}
      propertyPath: m_LocalRotation.w
      value: 1
      objectReference: {fileID: 0}
    - target: {fileID: 235759147584896991, guid: 29edb29db08550e4a80ab083fe522648,
        type: 3}
      propertyPath: m_RootOrder
      value: 12
      objectReference: {fileID: 0}
    - target: {fileID: 235759147584896991, guid: 29edb29db08550e4a80ab083fe522648,
        type: 3}
      propertyPath: m_LocalEulerAnglesHint.x
      value: 0
      objectReference: {fileID: 0}
    - target: {fileID: 235759147584896991, guid: 29edb29db08550e4a80ab083fe522648,
        type: 3}
      propertyPath: m_LocalEulerAnglesHint.y
      value: 0
      objectReference: {fileID: 0}
    - target: {fileID: 235759147584896991, guid: 29edb29db08550e4a80ab083fe522648,
        type: 3}
      propertyPath: m_LocalEulerAnglesHint.z
      value: 0
      objectReference: {fileID: 0}
    m_RemovedComponents: []
  m_SourcePrefab: {fileID: 100100000, guid: 29edb29db08550e4a80ab083fe522648, type: 3}
--- !u!1001 &1426871492
PrefabInstance:
  m_ObjectHideFlags: 0
  serializedVersion: 2
  m_Modification:
    m_TransformParent: {fileID: 0}
    m_Modifications:
    - target: {fileID: 8035658139872672696, guid: 9daf8fd483e55ca489724ae4ae33ae29,
        type: 3}
      propertyPath: m_Name
      value: Heart
      objectReference: {fileID: 0}
    - target: {fileID: 8035658139872672697, guid: 9daf8fd483e55ca489724ae4ae33ae29,
        type: 3}
      propertyPath: m_LocalPosition.x
      value: -12.4
      objectReference: {fileID: 0}
    - target: {fileID: 8035658139872672697, guid: 9daf8fd483e55ca489724ae4ae33ae29,
        type: 3}
      propertyPath: m_LocalPosition.y
      value: 6.7
      objectReference: {fileID: 0}
    - target: {fileID: 8035658139872672697, guid: 9daf8fd483e55ca489724ae4ae33ae29,
        type: 3}
      propertyPath: m_LocalPosition.z
      value: 1.5
      objectReference: {fileID: 0}
    - target: {fileID: 8035658139872672697, guid: 9daf8fd483e55ca489724ae4ae33ae29,
        type: 3}
      propertyPath: m_LocalRotation.x
      value: 0
      objectReference: {fileID: 0}
    - target: {fileID: 8035658139872672697, guid: 9daf8fd483e55ca489724ae4ae33ae29,
        type: 3}
      propertyPath: m_LocalRotation.y
      value: 0
      objectReference: {fileID: 0}
    - target: {fileID: 8035658139872672697, guid: 9daf8fd483e55ca489724ae4ae33ae29,
        type: 3}
      propertyPath: m_LocalRotation.z
      value: 0
      objectReference: {fileID: 0}
    - target: {fileID: 8035658139872672697, guid: 9daf8fd483e55ca489724ae4ae33ae29,
        type: 3}
      propertyPath: m_LocalRotation.w
      value: 1
      objectReference: {fileID: 0}
    - target: {fileID: 8035658139872672697, guid: 9daf8fd483e55ca489724ae4ae33ae29,
        type: 3}
      propertyPath: m_RootOrder
      value: 7
      objectReference: {fileID: 0}
    - target: {fileID: 8035658139872672697, guid: 9daf8fd483e55ca489724ae4ae33ae29,
        type: 3}
      propertyPath: m_LocalEulerAnglesHint.x
      value: 0
      objectReference: {fileID: 0}
    - target: {fileID: 8035658139872672697, guid: 9daf8fd483e55ca489724ae4ae33ae29,
        type: 3}
      propertyPath: m_LocalEulerAnglesHint.y
      value: 0
      objectReference: {fileID: 0}
    - target: {fileID: 8035658139872672697, guid: 9daf8fd483e55ca489724ae4ae33ae29,
        type: 3}
      propertyPath: m_LocalEulerAnglesHint.z
      value: 0
      objectReference: {fileID: 0}
    m_RemovedComponents: []
  m_SourcePrefab: {fileID: 100100000, guid: 9daf8fd483e55ca489724ae4ae33ae29, type: 3}
--- !u!1 &1462277400
GameObject:
  m_ObjectHideFlags: 0
  m_CorrespondingSourceObject: {fileID: 0}
  m_PrefabInstance: {fileID: 0}
  m_PrefabAsset: {fileID: 0}
  serializedVersion: 6
  m_Component:
  - component: {fileID: 1462277402}
  - component: {fileID: 1462277401}
  m_Layer: 0
  m_Name: MovementController
  m_TagString: Untagged
  m_Icon: {fileID: 0}
  m_NavMeshLayer: 0
  m_StaticEditorFlags: 0
  m_IsActive: 1
--- !u!114 &1462277401
MonoBehaviour:
  m_ObjectHideFlags: 0
  m_CorrespondingSourceObject: {fileID: 0}
  m_PrefabInstance: {fileID: 0}
  m_PrefabAsset: {fileID: 0}
  m_GameObject: {fileID: 1462277400}
  m_Enabled: 1
  m_EditorHideFlags: 0
  m_Script: {fileID: 11500000, guid: ce21f10c39aa95742bf283b4df13a75f, type: 3}
  m_Name: 
  m_EditorClassIdentifier: 
  Speed: 1
--- !u!4 &1462277402
Transform:
  m_ObjectHideFlags: 0
  m_CorrespondingSourceObject: {fileID: 0}
  m_PrefabInstance: {fileID: 0}
  m_PrefabAsset: {fileID: 0}
  m_GameObject: {fileID: 1462277400}
  m_LocalRotation: {x: 0, y: 0, z: 0, w: 1}
  m_LocalPosition: {x: 425.064, y: -1.03, z: -0.20999998}
  m_LocalScale: {x: 1, y: 1, z: 1}
  m_Children: []
  m_Father: {fileID: 0}
  m_RootOrder: 13
  m_LocalEulerAnglesHint: {x: 0, y: 0, z: 0}
--- !u!4 &1628606151 stripped
Transform:
  m_CorrespondingSourceObject: {fileID: 3853970026791011107, guid: 38b6ef6886eb4034d9ce690de8d040c7,
    type: 3}
  m_PrefabInstance: {fileID: 3853970025164770788}
  m_PrefabAsset: {fileID: 0}
--- !u!1 &1796732700
GameObject:
  m_ObjectHideFlags: 0
  m_CorrespondingSourceObject: {fileID: 0}
  m_PrefabInstance: {fileID: 0}
  m_PrefabAsset: {fileID: 0}
  serializedVersion: 6
  m_Component:
  - component: {fileID: 1796732704}
  - component: {fileID: 1796732703}
  - component: {fileID: 1796732702}
  - component: {fileID: 1796732701}
  m_Layer: 0
  m_Name: ground
  m_TagString: Untagged
  m_Icon: {fileID: 0}
  m_NavMeshLayer: 0
  m_StaticEditorFlags: 0
  m_IsActive: 1
--- !u!65 &1796732701
BoxCollider:
  m_ObjectHideFlags: 0
  m_CorrespondingSourceObject: {fileID: 0}
  m_PrefabInstance: {fileID: 0}
  m_PrefabAsset: {fileID: 0}
  m_GameObject: {fileID: 1796732700}
  m_Material: {fileID: 0}
  m_IsTrigger: 0
  m_Enabled: 1
  serializedVersion: 2
  m_Size: {x: 1, y: 1, z: 1}
  m_Center: {x: 0, y: 0, z: 0}
--- !u!23 &1796732702
MeshRenderer:
  m_ObjectHideFlags: 0
  m_CorrespondingSourceObject: {fileID: 0}
  m_PrefabInstance: {fileID: 0}
  m_PrefabAsset: {fileID: 0}
  m_GameObject: {fileID: 1796732700}
  m_Enabled: 1
  m_CastShadows: 1
  m_ReceiveShadows: 1
  m_DynamicOccludee: 1
  m_MotionVectors: 1
  m_LightProbeUsage: 1
  m_ReflectionProbeUsage: 1
  m_RayTracingMode: 2
  m_RenderingLayerMask: 1
  m_RendererPriority: 0
  m_Materials:
  - {fileID: 10303, guid: 0000000000000000f000000000000000, type: 0}
  m_StaticBatchInfo:
    firstSubMesh: 0
    subMeshCount: 0
  m_StaticBatchRoot: {fileID: 0}
  m_ProbeAnchor: {fileID: 0}
  m_LightProbeVolumeOverride: {fileID: 0}
  m_ScaleInLightmap: 1
  m_ReceiveGI: 1
  m_PreserveUVs: 0
  m_IgnoreNormalsForChartDetection: 0
  m_ImportantGI: 0
  m_StitchLightmapSeams: 1
  m_SelectedEditorRenderState: 3
  m_MinimumChartSize: 4
  m_AutoUVMaxDistance: 0.5
  m_AutoUVMaxAngle: 89
  m_LightmapParameters: {fileID: 0}
  m_SortingLayerID: 0
  m_SortingLayer: 0
  m_SortingOrder: 0
--- !u!33 &1796732703
MeshFilter:
  m_ObjectHideFlags: 0
  m_CorrespondingSourceObject: {fileID: 0}
  m_PrefabInstance: {fileID: 0}
  m_PrefabAsset: {fileID: 0}
  m_GameObject: {fileID: 1796732700}
  m_Mesh: {fileID: 10202, guid: 0000000000000000e000000000000000, type: 0}
--- !u!4 &1796732704
Transform:
  m_ObjectHideFlags: 0
  m_CorrespondingSourceObject: {fileID: 0}
  m_PrefabInstance: {fileID: 0}
  m_PrefabAsset: {fileID: 0}
  m_GameObject: {fileID: 1796732700}
  m_LocalRotation: {x: -0, y: -0, z: -0, w: 1}
  m_LocalPosition: {x: 9.578254, y: -19.429922, z: -0.7047558}
  m_LocalScale: {x: 851.2549, y: 1.2775155, z: 10.168323}
  m_Children: []
  m_Father: {fileID: 1829913654}
  m_RootOrder: 0
  m_LocalEulerAnglesHint: {x: 0, y: 0, z: 0}
--- !u!1 &1829913653
GameObject:
  m_ObjectHideFlags: 0
  m_CorrespondingSourceObject: {fileID: 0}
  m_PrefabInstance: {fileID: 0}
  m_PrefabAsset: {fileID: 0}
  serializedVersion: 6
  m_Component:
  - component: {fileID: 1829913654}
  m_Layer: 0
  m_Name: environment
  m_TagString: Untagged
  m_Icon: {fileID: 0}
  m_NavMeshLayer: 0
  m_StaticEditorFlags: 0
  m_IsActive: 1
--- !u!4 &1829913654
Transform:
  m_ObjectHideFlags: 0
  m_CorrespondingSourceObject: {fileID: 0}
  m_PrefabInstance: {fileID: 0}
  m_PrefabAsset: {fileID: 0}
  m_GameObject: {fileID: 1829913653}
  m_LocalRotation: {x: 0, y: 0, z: 0, w: 1}
  m_LocalPosition: {x: -9.578254, y: 17.239922, z: 0.7047558}
  m_LocalScale: {x: 1, y: 1, z: 5.9737}
  m_Children:
  - {fileID: 1796732704}
  m_Father: {fileID: 0}
  m_RootOrder: 1
  m_LocalEulerAnglesHint: {x: 0, y: 0, z: 0}
--- !u!1001 &1119845060804427034
PrefabInstance:
  m_ObjectHideFlags: 0
  serializedVersion: 2
  m_Modification:
    m_TransformParent: {fileID: 0}
    m_Modifications:
    - target: {fileID: 3693104822462023316, guid: cc590fe717e7df043aa3369fb794c513,
        type: 3}
      propertyPath: m_LocalPosition.x
      value: -13.43
      objectReference: {fileID: 0}
    - target: {fileID: 3693104822462023316, guid: cc590fe717e7df043aa3369fb794c513,
        type: 3}
      propertyPath: m_LocalPosition.y
      value: 12.21
      objectReference: {fileID: 0}
    - target: {fileID: 3693104822462023316, guid: cc590fe717e7df043aa3369fb794c513,
        type: 3}
      propertyPath: m_LocalPosition.z
      value: 1.5
      objectReference: {fileID: 0}
    - target: {fileID: 3693104822462023316, guid: cc590fe717e7df043aa3369fb794c513,
        type: 3}
      propertyPath: m_LocalRotation.x
      value: -0
      objectReference: {fileID: 0}
    - target: {fileID: 3693104822462023316, guid: cc590fe717e7df043aa3369fb794c513,
        type: 3}
      propertyPath: m_LocalRotation.y
      value: -0
      objectReference: {fileID: 0}
    - target: {fileID: 3693104822462023316, guid: cc590fe717e7df043aa3369fb794c513,
        type: 3}
      propertyPath: m_LocalRotation.z
      value: 0.20632851
      objectReference: {fileID: 0}
    - target: {fileID: 3693104822462023316, guid: cc590fe717e7df043aa3369fb794c513,
        type: 3}
      propertyPath: m_LocalRotation.w
      value: 0.9784828
      objectReference: {fileID: 0}
    - target: {fileID: 3693104822462023316, guid: cc590fe717e7df043aa3369fb794c513,
        type: 3}
      propertyPath: m_RootOrder
      value: 10
      objectReference: {fileID: 0}
    - target: {fileID: 3693104822462023316, guid: cc590fe717e7df043aa3369fb794c513,
        type: 3}
      propertyPath: m_LocalEulerAnglesHint.x
      value: 0
      objectReference: {fileID: 0}
    - target: {fileID: 3693104822462023316, guid: cc590fe717e7df043aa3369fb794c513,
        type: 3}
      propertyPath: m_LocalEulerAnglesHint.y
      value: 0
      objectReference: {fileID: 0}
    - target: {fileID: 3693104822462023316, guid: cc590fe717e7df043aa3369fb794c513,
        type: 3}
      propertyPath: m_LocalEulerAnglesHint.z
      value: 23.815
      objectReference: {fileID: 0}
    - target: {fileID: 3693104822462023317, guid: cc590fe717e7df043aa3369fb794c513,
        type: 3}
      propertyPath: m_Name
      value: Stomach
      objectReference: {fileID: 0}
    m_RemovedComponents: []
  m_SourcePrefab: {fileID: 100100000, guid: cc590fe717e7df043aa3369fb794c513, type: 3}
--- !u!1001 &3664800059384269844
PrefabInstance:
  m_ObjectHideFlags: 0
  serializedVersion: 2
  m_Modification:
    m_TransformParent: {fileID: 0}
    m_Modifications:
    - target: {fileID: 3664800060444007603, guid: ff32fb12865376a45a2a69d0766efea9,
        type: 3}
      propertyPath: m_LocalPosition.x
      value: 0
      objectReference: {fileID: 0}
    - target: {fileID: 3664800060444007603, guid: ff32fb12865376a45a2a69d0766efea9,
        type: 3}
      propertyPath: m_LocalPosition.y
      value: 0
      objectReference: {fileID: 0}
    - target: {fileID: 3664800060444007603, guid: ff32fb12865376a45a2a69d0766efea9,
        type: 3}
      propertyPath: m_LocalPosition.z
      value: 0
      objectReference: {fileID: 0}
    - target: {fileID: 3664800060444007603, guid: ff32fb12865376a45a2a69d0766efea9,
        type: 3}
      propertyPath: m_LocalRotation.x
      value: 0
      objectReference: {fileID: 0}
    - target: {fileID: 3664800060444007603, guid: ff32fb12865376a45a2a69d0766efea9,
        type: 3}
      propertyPath: m_LocalRotation.y
      value: 0
      objectReference: {fileID: 0}
    - target: {fileID: 3664800060444007603, guid: ff32fb12865376a45a2a69d0766efea9,
        type: 3}
      propertyPath: m_LocalRotation.z
      value: 0
      objectReference: {fileID: 0}
    - target: {fileID: 3664800060444007603, guid: ff32fb12865376a45a2a69d0766efea9,
        type: 3}
      propertyPath: m_LocalRotation.w
      value: 1
      objectReference: {fileID: 0}
    - target: {fileID: 3664800060444007603, guid: ff32fb12865376a45a2a69d0766efea9,
        type: 3}
      propertyPath: m_RootOrder
      value: 9
      objectReference: {fileID: 0}
    - target: {fileID: 3664800060444007603, guid: ff32fb12865376a45a2a69d0766efea9,
        type: 3}
      propertyPath: m_LocalEulerAnglesHint.x
      value: 0
      objectReference: {fileID: 0}
    - target: {fileID: 3664800060444007603, guid: ff32fb12865376a45a2a69d0766efea9,
        type: 3}
      propertyPath: m_LocalEulerAnglesHint.y
      value: 0
      objectReference: {fileID: 0}
    - target: {fileID: 3664800060444007603, guid: ff32fb12865376a45a2a69d0766efea9,
        type: 3}
      propertyPath: m_LocalEulerAnglesHint.z
      value: 0
      objectReference: {fileID: 0}
    - target: {fileID: 3664800060444007603, guid: ff32fb12865376a45a2a69d0766efea9,
        type: 3}
      propertyPath: m_AnchoredPosition.x
      value: 0
      objectReference: {fileID: 0}
    - target: {fileID: 3664800060444007603, guid: ff32fb12865376a45a2a69d0766efea9,
        type: 3}
      propertyPath: m_AnchoredPosition.y
      value: 0
      objectReference: {fileID: 0}
    - target: {fileID: 3664800060444007603, guid: ff32fb12865376a45a2a69d0766efea9,
        type: 3}
      propertyPath: m_SizeDelta.x
      value: 0
      objectReference: {fileID: 0}
    - target: {fileID: 3664800060444007603, guid: ff32fb12865376a45a2a69d0766efea9,
        type: 3}
      propertyPath: m_SizeDelta.y
      value: 0
      objectReference: {fileID: 0}
    - target: {fileID: 3664800060444007603, guid: ff32fb12865376a45a2a69d0766efea9,
        type: 3}
      propertyPath: m_AnchorMin.x
      value: 0
      objectReference: {fileID: 0}
    - target: {fileID: 3664800060444007603, guid: ff32fb12865376a45a2a69d0766efea9,
        type: 3}
      propertyPath: m_AnchorMin.y
      value: 0
      objectReference: {fileID: 0}
    - target: {fileID: 3664800060444007603, guid: ff32fb12865376a45a2a69d0766efea9,
        type: 3}
      propertyPath: m_AnchorMax.x
      value: 0
      objectReference: {fileID: 0}
    - target: {fileID: 3664800060444007603, guid: ff32fb12865376a45a2a69d0766efea9,
        type: 3}
      propertyPath: m_AnchorMax.y
      value: 0
      objectReference: {fileID: 0}
    - target: {fileID: 3664800060444007603, guid: ff32fb12865376a45a2a69d0766efea9,
        type: 3}
      propertyPath: m_Pivot.x
      value: 0
      objectReference: {fileID: 0}
    - target: {fileID: 3664800060444007603, guid: ff32fb12865376a45a2a69d0766efea9,
        type: 3}
      propertyPath: m_Pivot.y
      value: 0
      objectReference: {fileID: 0}
    - target: {fileID: 3664800060444007607, guid: ff32fb12865376a45a2a69d0766efea9,
        type: 3}
      propertyPath: m_Name
      value: ScreenCanvas
      objectReference: {fileID: 0}
    m_RemovedComponents: []
  m_SourcePrefab: {fileID: 100100000, guid: ff32fb12865376a45a2a69d0766efea9, type: 3}
--- !u!1001 &3853970025164770788
PrefabInstance:
  m_ObjectHideFlags: 0
  serializedVersion: 2
  m_Modification:
    m_TransformParent: {fileID: 0}
    m_Modifications:
    - target: {fileID: 3853970025561836306, guid: 38b6ef6886eb4034d9ce690de8d040c7,
        type: 3}
      propertyPath: m_LocalPosition.x
      value: -12.12
      objectReference: {fileID: 0}
    - target: {fileID: 3853970025561836306, guid: 38b6ef6886eb4034d9ce690de8d040c7,
        type: 3}
      propertyPath: m_LocalPosition.y
      value: 7.5025
      objectReference: {fileID: 0}
    - target: {fileID: 3853970025561836306, guid: 38b6ef6886eb4034d9ce690de8d040c7,
        type: 3}
      propertyPath: m_LocalPosition.z
      value: 1.5
      objectReference: {fileID: 0}
    - target: {fileID: 3853970025561836306, guid: 38b6ef6886eb4034d9ce690de8d040c7,
        type: 3}
      propertyPath: m_LocalRotation.x
      value: 0
      objectReference: {fileID: 0}
    - target: {fileID: 3853970025561836306, guid: 38b6ef6886eb4034d9ce690de8d040c7,
        type: 3}
      propertyPath: m_LocalRotation.y
      value: 0
      objectReference: {fileID: 0}
    - target: {fileID: 3853970025561836306, guid: 38b6ef6886eb4034d9ce690de8d040c7,
        type: 3}
      propertyPath: m_LocalRotation.z
      value: 0
      objectReference: {fileID: 0}
    - target: {fileID: 3853970025561836306, guid: 38b6ef6886eb4034d9ce690de8d040c7,
        type: 3}
      propertyPath: m_LocalRotation.w
      value: 1
      objectReference: {fileID: 0}
    - target: {fileID: 3853970025561836306, guid: 38b6ef6886eb4034d9ce690de8d040c7,
        type: 3}
      propertyPath: m_RootOrder
      value: 2
      objectReference: {fileID: 0}
    - target: {fileID: 3853970025561836306, guid: 38b6ef6886eb4034d9ce690de8d040c7,
        type: 3}
      propertyPath: m_LocalEulerAnglesHint.x
      value: 0
      objectReference: {fileID: 0}
    - target: {fileID: 3853970025561836306, guid: 38b6ef6886eb4034d9ce690de8d040c7,
        type: 3}
      propertyPath: m_LocalEulerAnglesHint.y
      value: 0
      objectReference: {fileID: 0}
    - target: {fileID: 3853970025561836306, guid: 38b6ef6886eb4034d9ce690de8d040c7,
        type: 3}
      propertyPath: m_LocalEulerAnglesHint.z
      value: 0
      objectReference: {fileID: 0}
    - target: {fileID: 3853970025561836310, guid: 38b6ef6886eb4034d9ce690de8d040c7,
        type: 3}
      propertyPath: m_Name
      value: body
      objectReference: {fileID: 0}
    m_RemovedComponents: []
  m_SourcePrefab: {fileID: 100100000, guid: 38b6ef6886eb4034d9ce690de8d040c7, type: 3}
--- !u!1001 &4517463421024668510
PrefabInstance:
  m_ObjectHideFlags: 0
  serializedVersion: 2
  m_Modification:
    m_TransformParent: {fileID: 0}
    m_Modifications:
    - target: {fileID: 4517463419927412804, guid: 04ec8af8fc1b9a04390e5684eeea9d2f,
        type: 3}
      propertyPath: keyPressWrapperOffset.y
      value: 0.5
      objectReference: {fileID: 0}
    - target: {fileID: 4517463419927412804, guid: 04ec8af8fc1b9a04390e5684eeea9d2f,
        type: 3}
      propertyPath: keyPressWrapperOffset.z
      value: -0.5
      objectReference: {fileID: 0}
    - target: {fileID: 4517463419927412805, guid: 04ec8af8fc1b9a04390e5684eeea9d2f,
        type: 3}
      propertyPath: m_LocalPosition.x
      value: -8.267681
      objectReference: {fileID: 0}
    - target: {fileID: 4517463419927412805, guid: 04ec8af8fc1b9a04390e5684eeea9d2f,
        type: 3}
      propertyPath: m_LocalPosition.y
      value: 14.3677845
      objectReference: {fileID: 0}
    - target: {fileID: 4517463419927412805, guid: 04ec8af8fc1b9a04390e5684eeea9d2f,
        type: 3}
      propertyPath: m_LocalPosition.z
      value: -5.613091
      objectReference: {fileID: 0}
    - target: {fileID: 4517463419927412805, guid: 04ec8af8fc1b9a04390e5684eeea9d2f,
        type: 3}
      propertyPath: m_LocalRotation.x
      value: 0
      objectReference: {fileID: 0}
    - target: {fileID: 4517463419927412805, guid: 04ec8af8fc1b9a04390e5684eeea9d2f,
        type: 3}
      propertyPath: m_LocalRotation.y
      value: 0
      objectReference: {fileID: 0}
    - target: {fileID: 4517463419927412805, guid: 04ec8af8fc1b9a04390e5684eeea9d2f,
        type: 3}
      propertyPath: m_LocalRotation.z
      value: 0
      objectReference: {fileID: 0}
    - target: {fileID: 4517463419927412805, guid: 04ec8af8fc1b9a04390e5684eeea9d2f,
        type: 3}
      propertyPath: m_LocalRotation.w
      value: 1
      objectReference: {fileID: 0}
    - target: {fileID: 4517463419927412805, guid: 04ec8af8fc1b9a04390e5684eeea9d2f,
        type: 3}
      propertyPath: m_RootOrder
      value: 5
      objectReference: {fileID: 0}
    - target: {fileID: 4517463419927412805, guid: 04ec8af8fc1b9a04390e5684eeea9d2f,
        type: 3}
      propertyPath: m_LocalEulerAnglesHint.x
      value: 0
      objectReference: {fileID: 0}
    - target: {fileID: 4517463419927412805, guid: 04ec8af8fc1b9a04390e5684eeea9d2f,
        type: 3}
      propertyPath: m_LocalEulerAnglesHint.y
      value: 0
      objectReference: {fileID: 0}
    - target: {fileID: 4517463419927412805, guid: 04ec8af8fc1b9a04390e5684eeea9d2f,
        type: 3}
      propertyPath: m_LocalEulerAnglesHint.z
      value: 0
      objectReference: {fileID: 0}
    - target: {fileID: 4517463419927412807, guid: 04ec8af8fc1b9a04390e5684eeea9d2f,
        type: 3}
      propertyPath: m_Name
      value: UIManager
      objectReference: {fileID: 0}
    m_RemovedComponents: []
  m_SourcePrefab: {fileID: 100100000, guid: 04ec8af8fc1b9a04390e5684eeea9d2f, type: 3}
--- !u!1001 &5542188333030306409
PrefabInstance:
  m_ObjectHideFlags: 0
  serializedVersion: 2
  m_Modification:
    m_TransformParent: {fileID: 0}
    m_Modifications:
    - target: {fileID: 4152990211437378254, guid: a2b75f18e1c71ea4486b121b82d3d06d,
        type: 3}
      propertyPath: m_Name
      value: Lungs
      objectReference: {fileID: 0}
    - target: {fileID: 4152990211437378255, guid: a2b75f18e1c71ea4486b121b82d3d06d,
        type: 3}
      propertyPath: m_LocalPosition.x
      value: -6.81
      objectReference: {fileID: 0}
    - target: {fileID: 4152990211437378255, guid: a2b75f18e1c71ea4486b121b82d3d06d,
        type: 3}
      propertyPath: m_LocalPosition.y
      value: 10.98
      objectReference: {fileID: 0}
    - target: {fileID: 4152990211437378255, guid: a2b75f18e1c71ea4486b121b82d3d06d,
        type: 3}
      propertyPath: m_LocalPosition.z
      value: 1.5
      objectReference: {fileID: 0}
    - target: {fileID: 4152990211437378255, guid: a2b75f18e1c71ea4486b121b82d3d06d,
        type: 3}
      propertyPath: m_LocalRotation.x
      value: 0
      objectReference: {fileID: 0}
    - target: {fileID: 4152990211437378255, guid: a2b75f18e1c71ea4486b121b82d3d06d,
        type: 3}
      propertyPath: m_LocalRotation.y
      value: 0
      objectReference: {fileID: 0}
    - target: {fileID: 4152990211437378255, guid: a2b75f18e1c71ea4486b121b82d3d06d,
        type: 3}
      propertyPath: m_LocalRotation.z
      value: 0
      objectReference: {fileID: 0}
    - target: {fileID: 4152990211437378255, guid: a2b75f18e1c71ea4486b121b82d3d06d,
        type: 3}
      propertyPath: m_LocalRotation.w
      value: 1
      objectReference: {fileID: 0}
    - target: {fileID: 4152990211437378255, guid: a2b75f18e1c71ea4486b121b82d3d06d,
        type: 3}
      propertyPath: m_RootOrder
      value: 8
      objectReference: {fileID: 0}
    - target: {fileID: 4152990211437378255, guid: a2b75f18e1c71ea4486b121b82d3d06d,
        type: 3}
      propertyPath: m_LocalEulerAnglesHint.x
      value: 0
      objectReference: {fileID: 0}
    - target: {fileID: 4152990211437378255, guid: a2b75f18e1c71ea4486b121b82d3d06d,
        type: 3}
      propertyPath: m_LocalEulerAnglesHint.y
      value: 0
      objectReference: {fileID: 0}
    - target: {fileID: 4152990211437378255, guid: a2b75f18e1c71ea4486b121b82d3d06d,
        type: 3}
      propertyPath: m_LocalEulerAnglesHint.z
      value: 0
      objectReference: {fileID: 0}
    m_RemovedComponents: []
  m_SourcePrefab: {fileID: 100100000, guid: a2b75f18e1c71ea4486b121b82d3d06d, type: 3}
--- !u!1001 &6922471398071022408
PrefabInstance:
  m_ObjectHideFlags: 0
  serializedVersion: 2
  m_Modification:
    m_TransformParent: {fileID: 0}
    m_Modifications:
    - target: {fileID: 6922471398053398625, guid: 127b63c5e988a4b4a845f02ac98c7e2c,
        type: 3}
      propertyPath: m_Name
      value: Brain
      objectReference: {fileID: 0}
    - target: {fileID: 6922471398053398630, guid: 127b63c5e988a4b4a845f02ac98c7e2c,
        type: 3}
      propertyPath: m_LocalPosition.x
      value: 17.613476
      objectReference: {fileID: 0}
    - target: {fileID: 6922471398053398630, guid: 127b63c5e988a4b4a845f02ac98c7e2c,
        type: 3}
      propertyPath: m_LocalPosition.y
      value: 8.725641
      objectReference: {fileID: 0}
    - target: {fileID: 6922471398053398630, guid: 127b63c5e988a4b4a845f02ac98c7e2c,
        type: 3}
      propertyPath: m_LocalPosition.z
      value: 1.3966056
      objectReference: {fileID: 0}
    - target: {fileID: 6922471398053398630, guid: 127b63c5e988a4b4a845f02ac98c7e2c,
        type: 3}
      propertyPath: m_LocalRotation.x
      value: 0
      objectReference: {fileID: 0}
    - target: {fileID: 6922471398053398630, guid: 127b63c5e988a4b4a845f02ac98c7e2c,
        type: 3}
      propertyPath: m_LocalRotation.y
      value: 0
      objectReference: {fileID: 0}
    - target: {fileID: 6922471398053398630, guid: 127b63c5e988a4b4a845f02ac98c7e2c,
        type: 3}
      propertyPath: m_LocalRotation.z
      value: 0
      objectReference: {fileID: 0}
    - target: {fileID: 6922471398053398630, guid: 127b63c5e988a4b4a845f02ac98c7e2c,
        type: 3}
      propertyPath: m_LocalRotation.w
      value: 1
      objectReference: {fileID: 0}
    - target: {fileID: 6922471398053398630, guid: 127b63c5e988a4b4a845f02ac98c7e2c,
        type: 3}
      propertyPath: m_RootOrder
      value: 6
      objectReference: {fileID: 0}
    - target: {fileID: 6922471398053398630, guid: 127b63c5e988a4b4a845f02ac98c7e2c,
        type: 3}
      propertyPath: m_LocalEulerAnglesHint.x
      value: 0
      objectReference: {fileID: 0}
    - target: {fileID: 6922471398053398630, guid: 127b63c5e988a4b4a845f02ac98c7e2c,
        type: 3}
      propertyPath: m_LocalEulerAnglesHint.y
      value: 0
      objectReference: {fileID: 0}
    - target: {fileID: 6922471398053398630, guid: 127b63c5e988a4b4a845f02ac98c7e2c,
        type: 3}
      propertyPath: m_LocalEulerAnglesHint.z
      value: 0
      objectReference: {fileID: 0}
    - target: {fileID: 6922471398053398631, guid: 127b63c5e988a4b4a845f02ac98c7e2c,
        type: 3}
      propertyPath: target
      value: 
      objectReference: {fileID: 1628606151}
    m_RemovedComponents: []
  m_SourcePrefab: {fileID: 100100000, guid: 127b63c5e988a4b4a845f02ac98c7e2c, type: 3}
--- !u!1001 &7535370453010935099
PrefabInstance:
  m_ObjectHideFlags: 0
  serializedVersion: 2
  m_Modification:
    m_TransformParent: {fileID: 0}
    m_Modifications:
    - target: {fileID: 538320502, guid: 716d515a0ed320e4da941f9e0ced17f6, type: 3}
      propertyPath: m_LocalRotation.x
      value: 0.15304591
      objectReference: {fileID: 0}
    - target: {fileID: 538320502, guid: 716d515a0ed320e4da941f9e0ced17f6, type: 3}
      propertyPath: m_LocalRotation.y
      value: 0.6903456
      objectReference: {fileID: 0}
    - target: {fileID: 538320502, guid: 716d515a0ed320e4da941f9e0ced17f6, type: 3}
      propertyPath: m_LocalRotation.z
      value: -0.15304591
      objectReference: {fileID: 0}
    - target: {fileID: 538320502, guid: 716d515a0ed320e4da941f9e0ced17f6, type: 3}
      propertyPath: m_LocalRotation.w
      value: 0.6903456
      objectReference: {fileID: 0}
    - target: {fileID: 538320502, guid: 716d515a0ed320e4da941f9e0ced17f6, type: 3}
      propertyPath: m_LocalEulerAnglesHint.x
      value: 25
      objectReference: {fileID: 0}
    - target: {fileID: 538320502, guid: 716d515a0ed320e4da941f9e0ced17f6, type: 3}
      propertyPath: m_LocalEulerAnglesHint.y
      value: 90
      objectReference: {fileID: 0}
    - target: {fileID: 538320502, guid: 716d515a0ed320e4da941f9e0ced17f6, type: 3}
      propertyPath: m_LocalEulerAnglesHint.z
      value: 0
      objectReference: {fileID: 0}
    - target: {fileID: 538320502, guid: 716d515a0ed320e4da941f9e0ced17f6, type: 3}
      propertyPath: m_LocalPosition.x
      value: 16.600098
      objectReference: {fileID: 0}
    - target: {fileID: 538320502, guid: 716d515a0ed320e4da941f9e0ced17f6, type: 3}
      propertyPath: m_LocalPosition.y
      value: 8.769831
      objectReference: {fileID: 0}
    - target: {fileID: 538320502, guid: 716d515a0ed320e4da941f9e0ced17f6, type: 3}
      propertyPath: m_LocalPosition.z
      value: 1.461705
      objectReference: {fileID: 0}
    - target: {fileID: 538320503, guid: 716d515a0ed320e4da941f9e0ced17f6, type: 3}
      propertyPath: m_Follow
      value: 
      objectReference: {fileID: 1628606151}
    - target: {fileID: 7535370452476947686, guid: 716d515a0ed320e4da941f9e0ced17f6,
        type: 3}
      propertyPath: m_LookAt
      value: 
      objectReference: {fileID: 1628606151}
    - target: {fileID: 7535370452476947686, guid: 716d515a0ed320e4da941f9e0ced17f6,
        type: 3}
      propertyPath: m_Follow
      value: 
      objectReference: {fileID: 1628606151}
    - target: {fileID: 7535370452476947686, guid: 716d515a0ed320e4da941f9e0ced17f6,
        type: 3}
      propertyPath: m_Priority
      value: 10
      objectReference: {fileID: 0}
    - target: {fileID: 7535370452476947687, guid: 716d515a0ed320e4da941f9e0ced17f6,
        type: 3}
      propertyPath: m_LocalRotation.y
      value: 0.029991975
      objectReference: {fileID: 0}
    - target: {fileID: 7535370452476947687, guid: 716d515a0ed320e4da941f9e0ced17f6,
        type: 3}
      propertyPath: m_LocalRotation.z
      value: -0.0034768526
      objectReference: {fileID: 0}
    - target: {fileID: 7535370452476947687, guid: 716d515a0ed320e4da941f9e0ced17f6,
        type: 3}
      propertyPath: m_LocalRotation.x
      value: 0.11510298
      objectReference: {fileID: 0}
    - target: {fileID: 7535370452476947687, guid: 716d515a0ed320e4da941f9e0ced17f6,
        type: 3}
      propertyPath: m_LocalRotation.w
      value: 0.99289465
      objectReference: {fileID: 0}
    - target: {fileID: 7535370453200772557, guid: 716d515a0ed320e4da941f9e0ced17f6,
        type: 3}
      propertyPath: m_LookaheadSmoothing
      value: 10
      objectReference: {fileID: 0}
    - target: {fileID: 7535370453727613216, guid: 716d515a0ed320e4da941f9e0ced17f6,
        type: 3}
      propertyPath: m_Name
      value: Cameras
      objectReference: {fileID: 0}
    - target: {fileID: 7535370453727613223, guid: 716d515a0ed320e4da941f9e0ced17f6,
        type: 3}
      propertyPath: m_LocalPosition.x
      value: 0
      objectReference: {fileID: 0}
    - target: {fileID: 7535370453727613223, guid: 716d515a0ed320e4da941f9e0ced17f6,
        type: 3}
      propertyPath: m_LocalPosition.y
      value: 0
      objectReference: {fileID: 0}
    - target: {fileID: 7535370453727613223, guid: 716d515a0ed320e4da941f9e0ced17f6,
        type: 3}
      propertyPath: m_LocalPosition.z
      value: 0
      objectReference: {fileID: 0}
    - target: {fileID: 7535370453727613223, guid: 716d515a0ed320e4da941f9e0ced17f6,
        type: 3}
      propertyPath: m_LocalRotation.x
      value: 0
      objectReference: {fileID: 0}
    - target: {fileID: 7535370453727613223, guid: 716d515a0ed320e4da941f9e0ced17f6,
        type: 3}
      propertyPath: m_LocalRotation.y
      value: 0
      objectReference: {fileID: 0}
    - target: {fileID: 7535370453727613223, guid: 716d515a0ed320e4da941f9e0ced17f6,
        type: 3}
      propertyPath: m_LocalRotation.z
      value: 0
      objectReference: {fileID: 0}
    - target: {fileID: 7535370453727613223, guid: 716d515a0ed320e4da941f9e0ced17f6,
        type: 3}
      propertyPath: m_LocalRotation.w
      value: 1
      objectReference: {fileID: 0}
    - target: {fileID: 7535370453727613223, guid: 716d515a0ed320e4da941f9e0ced17f6,
        type: 3}
      propertyPath: m_RootOrder
      value: 3
      objectReference: {fileID: 0}
    - target: {fileID: 7535370453727613223, guid: 716d515a0ed320e4da941f9e0ced17f6,
        type: 3}
      propertyPath: m_LocalEulerAnglesHint.x
      value: 0
      objectReference: {fileID: 0}
    - target: {fileID: 7535370453727613223, guid: 716d515a0ed320e4da941f9e0ced17f6,
        type: 3}
      propertyPath: m_LocalEulerAnglesHint.y
      value: 0
      objectReference: {fileID: 0}
    - target: {fileID: 7535370453727613223, guid: 716d515a0ed320e4da941f9e0ced17f6,
        type: 3}
      propertyPath: m_LocalEulerAnglesHint.z
      value: 0
      objectReference: {fileID: 0}
    m_RemovedComponents: []
  m_SourcePrefab: {fileID: 100100000, guid: 716d515a0ed320e4da941f9e0ced17f6, type: 3}
--- !u!1001 &9217487332307202695
PrefabInstance:
  m_ObjectHideFlags: 0
  serializedVersion: 2
  m_Modification:
    m_TransformParent: {fileID: 0}
    m_Modifications:
    - target: {fileID: 9217487332113540122, guid: e68f075664c80d84d86899ea77ef3c0b,
        type: 3}
      propertyPath: m_LocalPosition.x
      value: 10.6395035
      objectReference: {fileID: 0}
    - target: {fileID: 9217487332113540122, guid: e68f075664c80d84d86899ea77ef3c0b,
        type: 3}
      propertyPath: m_LocalPosition.y
      value: 10.719572
      objectReference: {fileID: 0}
    - target: {fileID: 9217487332113540122, guid: e68f075664c80d84d86899ea77ef3c0b,
        type: 3}
      propertyPath: m_LocalPosition.z
      value: 1.4725943
      objectReference: {fileID: 0}
    - target: {fileID: 9217487332113540122, guid: e68f075664c80d84d86899ea77ef3c0b,
        type: 3}
      propertyPath: m_LocalRotation.x
      value: 0
      objectReference: {fileID: 0}
    - target: {fileID: 9217487332113540122, guid: e68f075664c80d84d86899ea77ef3c0b,
        type: 3}
      propertyPath: m_LocalRotation.y
      value: 0
      objectReference: {fileID: 0}
    - target: {fileID: 9217487332113540122, guid: e68f075664c80d84d86899ea77ef3c0b,
        type: 3}
      propertyPath: m_LocalRotation.z
      value: 0
      objectReference: {fileID: 0}
    - target: {fileID: 9217487332113540122, guid: e68f075664c80d84d86899ea77ef3c0b,
        type: 3}
      propertyPath: m_LocalRotation.w
      value: 1
      objectReference: {fileID: 0}
    - target: {fileID: 9217487332113540122, guid: e68f075664c80d84d86899ea77ef3c0b,
        type: 3}
      propertyPath: m_RootOrder
      value: 11
      objectReference: {fileID: 0}
    - target: {fileID: 9217487332113540122, guid: e68f075664c80d84d86899ea77ef3c0b,
        type: 3}
      propertyPath: m_LocalEulerAnglesHint.x
      value: 0
      objectReference: {fileID: 0}
    - target: {fileID: 9217487332113540122, guid: e68f075664c80d84d86899ea77ef3c0b,
        type: 3}
      propertyPath: m_LocalEulerAnglesHint.y
      value: 0
      objectReference: {fileID: 0}
    - target: {fileID: 9217487332113540122, guid: e68f075664c80d84d86899ea77ef3c0b,
        type: 3}
      propertyPath: m_LocalEulerAnglesHint.z
      value: 0
      objectReference: {fileID: 0}
    - target: {fileID: 9217487332113540124, guid: e68f075664c80d84d86899ea77ef3c0b,
        type: 3}
      propertyPath: m_Name
      value: Bowels
      objectReference: {fileID: 0}
    m_RemovedComponents: []
  m_SourcePrefab: {fileID: 100100000, guid: e68f075664c80d84d86899ea77ef3c0b, type: 3}
