%YAML 1.1
%TAG !u! tag:unity3d.com,2011:
--- !u!29 &1
OcclusionCullingSettings:
  m_ObjectHideFlags: 0
  serializedVersion: 2
  m_OcclusionBakeSettings:
    smallestOccluder: 5
    smallestHole: 0.25
    backfaceThreshold: 100
  m_SceneGUID: 00000000000000000000000000000000
  m_OcclusionCullingData: {fileID: 0}
--- !u!104 &2
RenderSettings:
  m_ObjectHideFlags: 0
  serializedVersion: 9
  m_Fog: 0
  m_FogColor: {r: 0.5, g: 0.5, b: 0.5, a: 1}
  m_FogMode: 3
  m_FogDensity: 0.01
  m_LinearFogStart: 0
  m_LinearFogEnd: 300
  m_AmbientSkyColor: {r: 0.212, g: 0.227, b: 0.259, a: 1}
  m_AmbientEquatorColor: {r: 0.114, g: 0.125, b: 0.133, a: 1}
  m_AmbientGroundColor: {r: 0.047, g: 0.043, b: 0.035, a: 1}
  m_AmbientIntensity: 1
  m_AmbientMode: 0
  m_SubtractiveShadowColor: {r: 0.42, g: 0.478, b: 0.627, a: 1}
  m_SkyboxMaterial: {fileID: 10304, guid: 0000000000000000f000000000000000, type: 0}
  m_HaloStrength: 0.5
  m_FlareStrength: 1
  m_FlareFadeSpeed: 3
  m_HaloTexture: {fileID: 0}
  m_SpotCookie: {fileID: 10001, guid: 0000000000000000e000000000000000, type: 0}
  m_DefaultReflectionMode: 0
  m_DefaultReflectionResolution: 128
  m_ReflectionBounces: 1
  m_ReflectionIntensity: 1
  m_CustomReflection: {fileID: 0}
  m_Sun: {fileID: 705507994}
  m_IndirectSpecularColor: {r: 0, g: 0, b: 0, a: 1}
  m_UseRadianceAmbientProbe: 0
--- !u!157 &3
LightmapSettings:
  m_ObjectHideFlags: 0
  serializedVersion: 11
  m_GIWorkflowMode: 1
  m_GISettings:
    serializedVersion: 2
    m_BounceScale: 1
    m_IndirectOutputScale: 1
    m_AlbedoBoost: 1
    m_EnvironmentLightingMode: 0
    m_EnableBakedLightmaps: 1
    m_EnableRealtimeLightmaps: 0
  m_LightmapEditorSettings:
    serializedVersion: 12
    m_Resolution: 2
    m_BakeResolution: 40
    m_AtlasSize: 1024
    m_AO: 0
    m_AOMaxDistance: 1
    m_CompAOExponent: 1
    m_CompAOExponentDirect: 0
    m_ExtractAmbientOcclusion: 0
    m_Padding: 2
    m_LightmapParameters: {fileID: 0}
    m_LightmapsBakeMode: 1
    m_TextureCompression: 1
    m_FinalGather: 0
    m_FinalGatherFiltering: 1
    m_FinalGatherRayCount: 256
    m_ReflectionCompression: 2
    m_MixedBakeMode: 2
    m_BakeBackend: 1
    m_PVRSampling: 1
    m_PVRDirectSampleCount: 32
    m_PVRSampleCount: 500
    m_PVRBounces: 2
    m_PVREnvironmentSampleCount: 500
    m_PVREnvironmentReferencePointCount: 2048
    m_PVRFilteringMode: 2
    m_PVRDenoiserTypeDirect: 0
    m_PVRDenoiserTypeIndirect: 0
    m_PVRDenoiserTypeAO: 0
    m_PVRFilterTypeDirect: 0
    m_PVRFilterTypeIndirect: 0
    m_PVRFilterTypeAO: 0
    m_PVREnvironmentMIS: 0
    m_PVRCulling: 1
    m_PVRFilteringGaussRadiusDirect: 1
    m_PVRFilteringGaussRadiusIndirect: 5
    m_PVRFilteringGaussRadiusAO: 2
    m_PVRFilteringAtrousPositionSigmaDirect: 0.5
    m_PVRFilteringAtrousPositionSigmaIndirect: 2
    m_PVRFilteringAtrousPositionSigmaAO: 1
    m_ExportTrainingData: 0
    m_TrainingDataDestination: TrainingData
    m_LightProbeSampleCountMultiplier: 4
  m_LightingDataAsset: {fileID: 0}
  m_UseShadowmask: 1
--- !u!196 &4
NavMeshSettings:
  serializedVersion: 2
  m_ObjectHideFlags: 0
  m_BuildSettings:
    serializedVersion: 2
    agentTypeID: 0
    agentRadius: 0.5
    agentHeight: 2
    agentSlope: 45
    agentClimb: 0.4
    ledgeDropHeight: 0
    maxJumpAcrossDistance: 0
    minRegionArea: 2
    manualCellSize: 0
    cellSize: 0.16666667
    manualTileSize: 0
    tileSize: 256
    accuratePlacement: 0
    debug:
      m_Flags: 0
  m_NavMeshData: {fileID: 0}
--- !u!1001 &124572753
PrefabInstance:
  m_ObjectHideFlags: 0
  serializedVersion: 2
  m_Modification:
    m_TransformParent: {fileID: 0}
    m_Modifications:
    - target: {fileID: 9217487332113540122, guid: e68f075664c80d84d86899ea77ef3c0b,
        type: 3}
      propertyPath: m_LocalPosition.x
      value: -0.8
      objectReference: {fileID: 0}
    - target: {fileID: 9217487332113540122, guid: e68f075664c80d84d86899ea77ef3c0b,
        type: 3}
      propertyPath: m_LocalPosition.y
      value: 3.24
      objectReference: {fileID: 0}
    - target: {fileID: 9217487332113540122, guid: e68f075664c80d84d86899ea77ef3c0b,
        type: 3}
      propertyPath: m_LocalPosition.z
      value: -0.01
      objectReference: {fileID: 0}
    - target: {fileID: 9217487332113540122, guid: e68f075664c80d84d86899ea77ef3c0b,
        type: 3}
      propertyPath: m_LocalRotation.x
      value: -0
      objectReference: {fileID: 0}
    - target: {fileID: 9217487332113540122, guid: e68f075664c80d84d86899ea77ef3c0b,
        type: 3}
      propertyPath: m_LocalRotation.y
      value: -0
      objectReference: {fileID: 0}
    - target: {fileID: 9217487332113540122, guid: e68f075664c80d84d86899ea77ef3c0b,
        type: 3}
      propertyPath: m_LocalRotation.z
      value: -0.59109366
      objectReference: {fileID: 0}
    - target: {fileID: 9217487332113540122, guid: e68f075664c80d84d86899ea77ef3c0b,
        type: 3}
      propertyPath: m_LocalRotation.w
      value: 0.80660295
      objectReference: {fileID: 0}
    - target: {fileID: 9217487332113540122, guid: e68f075664c80d84d86899ea77ef3c0b,
        type: 3}
      propertyPath: m_RootOrder
      value: 13
      objectReference: {fileID: 0}
    - target: {fileID: 9217487332113540122, guid: e68f075664c80d84d86899ea77ef3c0b,
        type: 3}
      propertyPath: m_LocalEulerAnglesHint.x
      value: 0
      objectReference: {fileID: 0}
    - target: {fileID: 9217487332113540122, guid: e68f075664c80d84d86899ea77ef3c0b,
        type: 3}
      propertyPath: m_LocalEulerAnglesHint.y
      value: 0
      objectReference: {fileID: 0}
    - target: {fileID: 9217487332113540122, guid: e68f075664c80d84d86899ea77ef3c0b,
        type: 3}
      propertyPath: m_LocalEulerAnglesHint.z
      value: -72.469
      objectReference: {fileID: 0}
    - target: {fileID: 9217487332113540124, guid: e68f075664c80d84d86899ea77ef3c0b,
        type: 3}
      propertyPath: m_Name
      value: Bowels
      objectReference: {fileID: 0}
    m_RemovedComponents: []
  m_SourcePrefab: {fileID: 100100000, guid: e68f075664c80d84d86899ea77ef3c0b, type: 3}
--- !u!1001 &279705875
PrefabInstance:
  m_ObjectHideFlags: 0
  serializedVersion: 2
  m_Modification:
    m_TransformParent: {fileID: 0}
    m_Modifications:
    - target: {fileID: 5064659271407271305, guid: ee91f0407f26d634eaf9c37fc4fc8548,
        type: 3}
      propertyPath: m_Name
      value: Mouth
      objectReference: {fileID: 0}
    - target: {fileID: 5064659271407271310, guid: ee91f0407f26d634eaf9c37fc4fc8548,
        type: 3}
      propertyPath: m_LocalPosition.x
      value: 1.71
      objectReference: {fileID: 0}
    - target: {fileID: 5064659271407271310, guid: ee91f0407f26d634eaf9c37fc4fc8548,
        type: 3}
      propertyPath: m_LocalPosition.y
      value: 9.34
      objectReference: {fileID: 0}
    - target: {fileID: 5064659271407271310, guid: ee91f0407f26d634eaf9c37fc4fc8548,
        type: 3}
      propertyPath: m_LocalPosition.z
      value: -0.03
      objectReference: {fileID: 0}
    - target: {fileID: 5064659271407271310, guid: ee91f0407f26d634eaf9c37fc4fc8548,
        type: 3}
      propertyPath: m_LocalRotation.x
      value: 0
      objectReference: {fileID: 0}
    - target: {fileID: 5064659271407271310, guid: ee91f0407f26d634eaf9c37fc4fc8548,
        type: 3}
      propertyPath: m_LocalRotation.y
      value: 0
      objectReference: {fileID: 0}
    - target: {fileID: 5064659271407271310, guid: ee91f0407f26d634eaf9c37fc4fc8548,
        type: 3}
      propertyPath: m_LocalRotation.z
      value: 0
      objectReference: {fileID: 0}
    - target: {fileID: 5064659271407271310, guid: ee91f0407f26d634eaf9c37fc4fc8548,
        type: 3}
      propertyPath: m_LocalRotation.w
      value: 1
      objectReference: {fileID: 0}
    - target: {fileID: 5064659271407271310, guid: ee91f0407f26d634eaf9c37fc4fc8548,
        type: 3}
      propertyPath: m_RootOrder
      value: 15
      objectReference: {fileID: 0}
    - target: {fileID: 5064659271407271310, guid: ee91f0407f26d634eaf9c37fc4fc8548,
        type: 3}
      propertyPath: m_LocalEulerAnglesHint.x
      value: 0
      objectReference: {fileID: 0}
    - target: {fileID: 5064659271407271310, guid: ee91f0407f26d634eaf9c37fc4fc8548,
        type: 3}
      propertyPath: m_LocalEulerAnglesHint.y
      value: 0
      objectReference: {fileID: 0}
    - target: {fileID: 5064659271407271310, guid: ee91f0407f26d634eaf9c37fc4fc8548,
        type: 3}
      propertyPath: m_LocalEulerAnglesHint.z
      value: 0
      objectReference: {fileID: 0}
    m_RemovedComponents: []
  m_SourcePrefab: {fileID: 100100000, guid: ee91f0407f26d634eaf9c37fc4fc8548, type: 3}
--- !u!1 &373999844
GameObject:
  m_ObjectHideFlags: 0
  m_CorrespondingSourceObject: {fileID: 0}
  m_PrefabInstance: {fileID: 0}
  m_PrefabAsset: {fileID: 0}
  serializedVersion: 6
  m_Component:
  - component: {fileID: 373999846}
  - component: {fileID: 373999845}
  m_Layer: 0
  m_Name: Eyes
  m_TagString: Untagged
  m_Icon: {fileID: -5397416234189338067, guid: 0000000000000000d000000000000000, type: 0}
  m_NavMeshLayer: 0
  m_StaticEditorFlags: 0
  m_IsActive: 1
--- !u!114 &373999845
MonoBehaviour:
  m_ObjectHideFlags: 0
  m_CorrespondingSourceObject: {fileID: 0}
  m_PrefabInstance: {fileID: 0}
  m_PrefabAsset: {fileID: 0}
  m_GameObject: {fileID: 373999844}
  m_Enabled: 1
  m_EditorHideFlags: 0
  m_Script: {fileID: 11500000, guid: a5798e17f64f4439b9e091a752f8b1bc, type: 3}
  m_Name: 
  m_EditorClassIdentifier: 
  KeyCode: 101
  clip: {fileID: 0}
  Enabled: 0
  OnKeyPressed:
    m_PersistentCalls:
      m_Calls: []
--- !u!4 &373999846
Transform:
  m_ObjectHideFlags: 0
  m_CorrespondingSourceObject: {fileID: 0}
  m_PrefabInstance: {fileID: 0}
  m_PrefabAsset: {fileID: 0}
  m_GameObject: {fileID: 373999844}
  m_LocalRotation: {x: 0, y: 0, z: 0, w: 1}
  m_LocalPosition: {x: 2.11, y: 9.45, z: 0.04}
  m_LocalScale: {x: 1, y: 1, z: 1}
  m_Children: []
  m_Father: {fileID: 0}
  m_RootOrder: 11
  m_LocalEulerAnglesHint: {x: 0, y: 0, z: 0}
--- !u!1001 &581510192
PrefabInstance:
  m_ObjectHideFlags: 0
  serializedVersion: 2
  m_Modification:
    m_TransformParent: {fileID: 0}
    m_Modifications:
    - target: {fileID: 8413976193874448721, guid: be131f9c7bdc8054bb235e1490e88c12,
        type: 3}
      propertyPath: m_LocalPosition.x
      value: 0.9
      objectReference: {fileID: 0}
    - target: {fileID: 8413976193874448721, guid: be131f9c7bdc8054bb235e1490e88c12,
        type: 3}
      propertyPath: m_LocalPosition.y
      value: 6.61
      objectReference: {fileID: 0}
    - target: {fileID: 8413976193874448721, guid: be131f9c7bdc8054bb235e1490e88c12,
        type: 3}
      propertyPath: m_LocalPosition.z
      value: 0
      objectReference: {fileID: 0}
    - target: {fileID: 8413976193874448721, guid: be131f9c7bdc8054bb235e1490e88c12,
        type: 3}
      propertyPath: m_LocalRotation.x
      value: -0
      objectReference: {fileID: 0}
    - target: {fileID: 8413976193874448721, guid: be131f9c7bdc8054bb235e1490e88c12,
        type: 3}
      propertyPath: m_LocalRotation.y
      value: -0
      objectReference: {fileID: 0}
    - target: {fileID: 8413976193874448721, guid: be131f9c7bdc8054bb235e1490e88c12,
        type: 3}
      propertyPath: m_LocalRotation.z
      value: -0.06764203
      objectReference: {fileID: 0}
    - target: {fileID: 8413976193874448721, guid: be131f9c7bdc8054bb235e1490e88c12,
        type: 3}
      propertyPath: m_LocalRotation.w
      value: 0.9977097
      objectReference: {fileID: 0}
    - target: {fileID: 8413976193874448721, guid: be131f9c7bdc8054bb235e1490e88c12,
        type: 3}
      propertyPath: m_RootOrder
      value: 16
      objectReference: {fileID: 0}
    - target: {fileID: 8413976193874448721, guid: be131f9c7bdc8054bb235e1490e88c12,
        type: 3}
      propertyPath: m_LocalEulerAnglesHint.x
      value: 0
      objectReference: {fileID: 0}
    - target: {fileID: 8413976193874448721, guid: be131f9c7bdc8054bb235e1490e88c12,
        type: 3}
      propertyPath: m_LocalEulerAnglesHint.y
      value: 0
      objectReference: {fileID: 0}
    - target: {fileID: 8413976193874448721, guid: be131f9c7bdc8054bb235e1490e88c12,
        type: 3}
      propertyPath: m_LocalEulerAnglesHint.z
      value: -7.7570004
      objectReference: {fileID: 0}
    - target: {fileID: 8413976193874448726, guid: be131f9c7bdc8054bb235e1490e88c12,
        type: 3}
      propertyPath: m_Name
      value: Oesophagus
      objectReference: {fileID: 0}
    m_RemovedComponents: []
  m_SourcePrefab: {fileID: 100100000, guid: be131f9c7bdc8054bb235e1490e88c12, type: 3}
--- !u!1 &586492449
GameObject:
  m_ObjectHideFlags: 0
  m_CorrespondingSourceObject: {fileID: 0}
  m_PrefabInstance: {fileID: 0}
  m_PrefabAsset: {fileID: 0}
  serializedVersion: 6
  m_Component:
  - component: {fileID: 586492450}
  m_Layer: 0
  m_Name: headTarget
  m_TagString: Untagged
  m_Icon: {fileID: 0}
  m_NavMeshLayer: 0
  m_StaticEditorFlags: 0
  m_IsActive: 1
--- !u!4 &586492450
Transform:
  m_ObjectHideFlags: 0
  m_CorrespondingSourceObject: {fileID: 0}
  m_PrefabInstance: {fileID: 0}
  m_PrefabAsset: {fileID: 0}
  m_GameObject: {fileID: 586492449}
  m_LocalRotation: {x: 0, y: 0, z: 0, w: 1}
  m_LocalPosition: {x: 0.88, y: 9.57, z: -0.044}
  m_LocalScale: {x: 1, y: 1, z: 1}
  m_Children: []
  m_Father: {fileID: 0}
  m_RootOrder: 10
  m_LocalEulerAnglesHint: {x: 0, y: 0, z: 0}
--- !u!1 &705507993
GameObject:
  m_ObjectHideFlags: 0
  m_CorrespondingSourceObject: {fileID: 0}
  m_PrefabInstance: {fileID: 0}
  m_PrefabAsset: {fileID: 0}
  serializedVersion: 6
  m_Component:
  - component: {fileID: 705507995}
  - component: {fileID: 705507994}
  m_Layer: 0
  m_Name: Directional Light
  m_TagString: Untagged
  m_Icon: {fileID: 0}
  m_NavMeshLayer: 0
  m_StaticEditorFlags: 0
  m_IsActive: 1
--- !u!108 &705507994
Light:
  m_ObjectHideFlags: 0
  m_CorrespondingSourceObject: {fileID: 0}
  m_PrefabInstance: {fileID: 0}
  m_PrefabAsset: {fileID: 0}
  m_GameObject: {fileID: 705507993}
  m_Enabled: 1
  serializedVersion: 10
  m_Type: 1
  m_Shape: 0
  m_Color: {r: 1, g: 0.95686275, b: 0.8392157, a: 1}
  m_Intensity: 1
  m_Range: 10
  m_SpotAngle: 30
  m_InnerSpotAngle: 21.80208
  m_CookieSize: 10
  m_Shadows:
    m_Type: 2
    m_Resolution: -1
    m_CustomResolution: -1
    m_Strength: 1
    m_Bias: 0.05
    m_NormalBias: 0.4
    m_NearPlane: 0.2
    m_CullingMatrixOverride:
      e00: 1
      e01: 0
      e02: 0
      e03: 0
      e10: 0
      e11: 1
      e12: 0
      e13: 0
      e20: 0
      e21: 0
      e22: 1
      e23: 0
      e30: 0
      e31: 0
      e32: 0
      e33: 1
    m_UseCullingMatrixOverride: 0
  m_Cookie: {fileID: 0}
  m_DrawHalo: 0
  m_Flare: {fileID: 0}
  m_RenderMode: 0
  m_CullingMask:
    serializedVersion: 2
    m_Bits: 4294967295
  m_RenderingLayerMask: 1
  m_Lightmapping: 1
  m_LightShadowCasterMode: 0
  m_AreaSize: {x: 1, y: 1}
  m_BounceIntensity: 1
  m_ColorTemperature: 6570
  m_UseColorTemperature: 0
  m_BoundingSphereOverride: {x: 0, y: 0, z: 0, w: 0}
  m_UseBoundingSphereOverride: 0
  m_ShadowRadius: 0
  m_ShadowAngle: 0
--- !u!4 &705507995
Transform:
  m_ObjectHideFlags: 0
  m_CorrespondingSourceObject: {fileID: 0}
  m_PrefabInstance: {fileID: 0}
  m_PrefabAsset: {fileID: 0}
  m_GameObject: {fileID: 705507993}
  m_LocalRotation: {x: 0.40821788, y: -0.23456968, z: 0.10938163, w: 0.8754261}
  m_LocalPosition: {x: 9.578254, y: -14.239922, z: -0.7047558}
  m_LocalScale: {x: 1, y: 1, z: 1}
  m_Children: []
  m_Father: {fileID: 945547417}
  m_RootOrder: 1
  m_LocalEulerAnglesHint: {x: 50, y: -30, z: 0}
--- !u!1001 &706140154
PrefabInstance:
  m_ObjectHideFlags: 0
  serializedVersion: 2
  m_Modification:
    m_TransformParent: {fileID: 0}
    m_Modifications:
    - target: {fileID: 3693104822462023310, guid: cc590fe717e7df043aa3369fb794c513,
        type: 3}
      propertyPath: KeyCode
      value: 115
      objectReference: {fileID: 0}
    - target: {fileID: 3693104822462023316, guid: cc590fe717e7df043aa3369fb794c513,
        type: 3}
      propertyPath: m_LocalPosition.x
      value: -0.02
      objectReference: {fileID: 0}
    - target: {fileID: 3693104822462023316, guid: cc590fe717e7df043aa3369fb794c513,
        type: 3}
      propertyPath: m_LocalPosition.y
      value: 4.05
      objectReference: {fileID: 0}
    - target: {fileID: 3693104822462023316, guid: cc590fe717e7df043aa3369fb794c513,
        type: 3}
      propertyPath: m_LocalPosition.z
      value: 0.04
      objectReference: {fileID: 0}
    - target: {fileID: 3693104822462023316, guid: cc590fe717e7df043aa3369fb794c513,
        type: 3}
      propertyPath: m_LocalRotation.x
      value: -0
      objectReference: {fileID: 0}
    - target: {fileID: 3693104822462023316, guid: cc590fe717e7df043aa3369fb794c513,
        type: 3}
      propertyPath: m_LocalRotation.y
      value: -0
      objectReference: {fileID: 0}
    - target: {fileID: 3693104822462023316, guid: cc590fe717e7df043aa3369fb794c513,
        type: 3}
      propertyPath: m_LocalRotation.z
      value: 0.032087732
      objectReference: {fileID: 0}
    - target: {fileID: 3693104822462023316, guid: cc590fe717e7df043aa3369fb794c513,
        type: 3}
      propertyPath: m_LocalRotation.w
      value: 0.9994851
      objectReference: {fileID: 0}
    - target: {fileID: 3693104822462023316, guid: cc590fe717e7df043aa3369fb794c513,
        type: 3}
      propertyPath: m_RootOrder
      value: 12
      objectReference: {fileID: 0}
    - target: {fileID: 3693104822462023316, guid: cc590fe717e7df043aa3369fb794c513,
        type: 3}
      propertyPath: m_LocalEulerAnglesHint.x
      value: 0
      objectReference: {fileID: 0}
    - target: {fileID: 3693104822462023316, guid: cc590fe717e7df043aa3369fb794c513,
        type: 3}
      propertyPath: m_LocalEulerAnglesHint.y
      value: 0
      objectReference: {fileID: 0}
    - target: {fileID: 3693104822462023316, guid: cc590fe717e7df043aa3369fb794c513,
        type: 3}
      propertyPath: m_LocalEulerAnglesHint.z
      value: 3.6780002
      objectReference: {fileID: 0}
    - target: {fileID: 3693104822462023316, guid: cc590fe717e7df043aa3369fb794c513,
        type: 3}
      propertyPath: m_LocalScale.x
      value: 0.64497703
      objectReference: {fileID: 0}
    - target: {fileID: 3693104822462023316, guid: cc590fe717e7df043aa3369fb794c513,
        type: 3}
      propertyPath: m_LocalScale.y
      value: 0.44008952
      objectReference: {fileID: 0}
    - target: {fileID: 3693104822462023316, guid: cc590fe717e7df043aa3369fb794c513,
        type: 3}
      propertyPath: m_LocalScale.z
      value: 0.30351
      objectReference: {fileID: 0}
    - target: {fileID: 3693104822462023317, guid: cc590fe717e7df043aa3369fb794c513,
        type: 3}
      propertyPath: m_Name
      value: Stomach
      objectReference: {fileID: 0}
    m_RemovedComponents: []
  m_SourcePrefab: {fileID: 100100000, guid: cc590fe717e7df043aa3369fb794c513, type: 3}
--- !u!1 &945547416
GameObject:
  m_ObjectHideFlags: 0
  m_CorrespondingSourceObject: {fileID: 0}
  m_PrefabInstance: {fileID: 0}
  m_PrefabAsset: {fileID: 0}
  serializedVersion: 6
  m_Component:
  - component: {fileID: 945547417}
  m_Layer: 0
  m_Name: essentials
  m_TagString: Untagged
  m_Icon: {fileID: 0}
  m_NavMeshLayer: 0
  m_StaticEditorFlags: 0
  m_IsActive: 1
--- !u!4 &945547417
Transform:
  m_ObjectHideFlags: 0
  m_CorrespondingSourceObject: {fileID: 0}
  m_PrefabInstance: {fileID: 0}
  m_PrefabAsset: {fileID: 0}
  m_GameObject: {fileID: 945547416}
  m_LocalRotation: {x: 0, y: 0, z: 0, w: 1}
  m_LocalPosition: {x: -9.578254, y: 17.239922, z: 0.7047558}
  m_LocalScale: {x: 1, y: 1, z: 1}
  m_Children:
  - {fileID: 963194228}
  - {fileID: 705507995}
  m_Father: {fileID: 0}
  m_RootOrder: 0
  m_LocalEulerAnglesHint: {x: 0, y: 0, z: 0}
--- !u!1 &963194225
GameObject:
  m_ObjectHideFlags: 0
  m_CorrespondingSourceObject: {fileID: 0}
  m_PrefabInstance: {fileID: 0}
  m_PrefabAsset: {fileID: 0}
  serializedVersion: 6
  m_Component:
  - component: {fileID: 963194228}
  - component: {fileID: 963194227}
  - component: {fileID: 963194226}
  - component: {fileID: 963194229}
  m_Layer: 0
  m_Name: Main Camera
  m_TagString: MainCamera
  m_Icon: {fileID: 0}
  m_NavMeshLayer: 0
  m_StaticEditorFlags: 0
  m_IsActive: 1
--- !u!81 &963194226
AudioListener:
  m_ObjectHideFlags: 0
  m_CorrespondingSourceObject: {fileID: 0}
  m_PrefabInstance: {fileID: 0}
  m_PrefabAsset: {fileID: 0}
  m_GameObject: {fileID: 963194225}
  m_Enabled: 1
--- !u!20 &963194227
Camera:
  m_ObjectHideFlags: 0
  m_CorrespondingSourceObject: {fileID: 0}
  m_PrefabInstance: {fileID: 0}
  m_PrefabAsset: {fileID: 0}
  m_GameObject: {fileID: 963194225}
  m_Enabled: 1
  serializedVersion: 2
  m_ClearFlags: 2
  m_BackGroundColor: {r: 0.124955505, g: 0.2264151, b: 0.22200382, a: 0}
  m_projectionMatrixMode: 1
  m_GateFitMode: 2
  m_FOVAxisMode: 0
  m_SensorSize: {x: 36, y: 24}
  m_LensShift: {x: 0, y: 0}
  m_FocalLength: 50
  m_NormalizedViewPortRect:
    serializedVersion: 2
    x: 0
    y: 0
    width: 1
    height: 1
  near clip plane: 0.1
  far clip plane: 5000
  field of view: 76
  orthographic: 0
  orthographic size: 5
  m_Depth: -1
  m_CullingMask:
    serializedVersion: 2
    m_Bits: 4294967295
  m_RenderingPath: -1
  m_TargetTexture: {fileID: 0}
  m_TargetDisplay: 0
  m_TargetEye: 3
  m_HDR: 1
  m_AllowMSAA: 1
  m_AllowDynamicResolution: 0
  m_ForceIntoRT: 0
  m_OcclusionCulling: 1
  m_StereoConvergence: 10
  m_StereoSeparation: 0.022
--- !u!4 &963194228
Transform:
  m_ObjectHideFlags: 0
  m_CorrespondingSourceObject: {fileID: 0}
  m_PrefabInstance: {fileID: 0}
  m_PrefabAsset: {fileID: 0}
  m_GameObject: {fileID: 963194225}
  m_LocalRotation: {x: -0.11948755, y: -0.23188713, z: -0.028714085, w: 0.964949}
  m_LocalPosition: {x: 11.828254, y: -13.149921, z: -8.014755}
  m_LocalScale: {x: 1, y: 1, z: 1}
  m_Children: []
  m_Father: {fileID: 945547417}
  m_RootOrder: 0
  m_LocalEulerAnglesHint: {x: 0, y: 0, z: 0}
--- !u!114 &963194229
MonoBehaviour:
  m_ObjectHideFlags: 0
  m_CorrespondingSourceObject: {fileID: 0}
  m_PrefabInstance: {fileID: 0}
  m_PrefabAsset: {fileID: 0}
  m_GameObject: {fileID: 963194225}
  m_Enabled: 1
  m_EditorHideFlags: 0
  m_Script: {fileID: 11500000, guid: 72ece51f2901e7445ab60da3685d6b5f, type: 3}
  m_Name: 
  m_EditorClassIdentifier: 
  m_ShowDebugText: 0
  m_ShowCameraFrustum: 1
  m_IgnoreTimeScale: 0
  m_WorldUpOverride: {fileID: 0}
  m_UpdateMethod: 2
  m_BlendUpdateMethod: 1
  m_DefaultBlend:
    m_Style: 1
    m_Time: 2
    m_CustomCurve:
      serializedVersion: 2
      m_Curve: []
      m_PreInfinity: 2
      m_PostInfinity: 2
      m_RotationOrder: 4
  m_CustomBlends: {fileID: 11400000, guid: ee5771210d7b35d42b55fba84a2c17a7, type: 2}
  m_CameraCutEvent:
    m_PersistentCalls:
      m_Calls: []
  m_CameraActivatedEvent:
    m_PersistentCalls:
      m_Calls: []
--- !u!1 &1078226952 stripped
GameObject:
  m_CorrespondingSourceObject: {fileID: 7535370452161004842, guid: 716d515a0ed320e4da941f9e0ced17f6,
    type: 3}
  m_PrefabInstance: {fileID: 7535370453010935099}
  m_PrefabAsset: {fileID: 0}
--- !u!114 &1078226955
MonoBehaviour:
  m_ObjectHideFlags: 3
  m_CorrespondingSourceObject: {fileID: 0}
  m_PrefabInstance: {fileID: 0}
  m_PrefabAsset: {fileID: 0}
  m_GameObject: {fileID: 1078226952}
  m_Enabled: 1
  m_EditorHideFlags: 0
  m_Script: {fileID: 11500000, guid: f4044717213e31446939f7bd49c896ea, type: 3}
  m_Name: 
  m_EditorClassIdentifier: 
  m_TrackedObjectOffset: {x: 0.6, y: 5.87, z: 0}
  m_LookaheadTime: 0
  m_LookaheadSmoothing: 10
  m_LookaheadIgnoreY: 0
  m_HorizontalDamping: 0.5
  m_VerticalDamping: 0.5
  m_ScreenX: 0.56
  m_ScreenY: 0.5
  m_DeadZoneWidth: 0
  m_DeadZoneHeight: 0
  m_SoftZoneWidth: 0.8
  m_SoftZoneHeight: 0.8
  m_BiasX: 0
  m_BiasY: 0
  m_CenterOnActivate: 1
--- !u!1001 &1088473747
PrefabInstance:
  m_ObjectHideFlags: 0
  serializedVersion: 2
  m_Modification:
    m_TransformParent: {fileID: 0}
    m_Modifications:
    - target: {fileID: -6057140222963153312, guid: ab7ea9b1b8df8f9458e621c2c2c57a81,
        type: 3}
      propertyPath: m_Controller
      value: 
      objectReference: {fileID: 9100000, guid: 2bd0ea090b531054bb52d3492aafc1f8, type: 2}
    - target: {fileID: -4216859302048453862, guid: ab7ea9b1b8df8f9458e621c2c2c57a81,
        type: 3}
      propertyPath: m_LocalPosition.x
      value: 0
      objectReference: {fileID: 0}
    - target: {fileID: -4216859302048453862, guid: ab7ea9b1b8df8f9458e621c2c2c57a81,
        type: 3}
      propertyPath: m_LocalPosition.y
      value: 0
      objectReference: {fileID: 0}
    - target: {fileID: -4216859302048453862, guid: ab7ea9b1b8df8f9458e621c2c2c57a81,
        type: 3}
      propertyPath: m_LocalPosition.z
      value: 0
      objectReference: {fileID: 0}
    - target: {fileID: -4216859302048453862, guid: ab7ea9b1b8df8f9458e621c2c2c57a81,
        type: 3}
      propertyPath: m_LocalRotation.x
      value: 0
      objectReference: {fileID: 0}
    - target: {fileID: -4216859302048453862, guid: ab7ea9b1b8df8f9458e621c2c2c57a81,
        type: 3}
      propertyPath: m_LocalRotation.y
      value: 0.7071068
      objectReference: {fileID: 0}
    - target: {fileID: -4216859302048453862, guid: ab7ea9b1b8df8f9458e621c2c2c57a81,
        type: 3}
      propertyPath: m_LocalRotation.z
      value: 0
      objectReference: {fileID: 0}
    - target: {fileID: -4216859302048453862, guid: ab7ea9b1b8df8f9458e621c2c2c57a81,
        type: 3}
      propertyPath: m_LocalRotation.w
      value: 0.7071068
      objectReference: {fileID: 0}
    - target: {fileID: -4216859302048453862, guid: ab7ea9b1b8df8f9458e621c2c2c57a81,
        type: 3}
      propertyPath: m_RootOrder
      value: 9
      objectReference: {fileID: 0}
    - target: {fileID: -4216859302048453862, guid: ab7ea9b1b8df8f9458e621c2c2c57a81,
        type: 3}
      propertyPath: m_LocalEulerAnglesHint.x
      value: 0
      objectReference: {fileID: 0}
    - target: {fileID: -4216859302048453862, guid: ab7ea9b1b8df8f9458e621c2c2c57a81,
        type: 3}
      propertyPath: m_LocalEulerAnglesHint.y
      value: 90
      objectReference: {fileID: 0}
    - target: {fileID: -4216859302048453862, guid: ab7ea9b1b8df8f9458e621c2c2c57a81,
        type: 3}
      propertyPath: m_LocalEulerAnglesHint.z
      value: 0
      objectReference: {fileID: 0}
    - target: {fileID: -927199367670048503, guid: ab7ea9b1b8df8f9458e621c2c2c57a81,
        type: 3}
      propertyPath: m_Name
      value: SKM_Turbosaurus_00
      objectReference: {fileID: 0}
    m_RemovedComponents: []
  m_SourcePrefab: {fileID: 100100000, guid: ab7ea9b1b8df8f9458e621c2c2c57a81, type: 3}
--- !u!1001 &1237684258
PrefabInstance:
  m_ObjectHideFlags: 0
  serializedVersion: 2
  m_Modification:
    m_TransformParent: {fileID: 0}
    m_Modifications:
    - target: {fileID: 6438800304537601282, guid: a6db99c85f5bff44c9c214dec9318349,
        type: 3}
      propertyPath: m_Name
      value: SoundManager
      objectReference: {fileID: 0}
    - target: {fileID: 6438800304537601284, guid: a6db99c85f5bff44c9c214dec9318349,
        type: 3}
      propertyPath: m_LocalPosition.x
      value: 0.72
      objectReference: {fileID: 0}
    - target: {fileID: 6438800304537601284, guid: a6db99c85f5bff44c9c214dec9318349,
        type: 3}
      propertyPath: m_LocalPosition.y
      value: 3.61
      objectReference: {fileID: 0}
    - target: {fileID: 6438800304537601284, guid: a6db99c85f5bff44c9c214dec9318349,
        type: 3}
      propertyPath: m_LocalPosition.z
      value: -0.957
      objectReference: {fileID: 0}
    - target: {fileID: 6438800304537601284, guid: a6db99c85f5bff44c9c214dec9318349,
        type: 3}
      propertyPath: m_LocalRotation.x
      value: 0
      objectReference: {fileID: 0}
    - target: {fileID: 6438800304537601284, guid: a6db99c85f5bff44c9c214dec9318349,
        type: 3}
      propertyPath: m_LocalRotation.y
      value: 0
      objectReference: {fileID: 0}
    - target: {fileID: 6438800304537601284, guid: a6db99c85f5bff44c9c214dec9318349,
        type: 3}
      propertyPath: m_LocalRotation.z
      value: 0
      objectReference: {fileID: 0}
    - target: {fileID: 6438800304537601284, guid: a6db99c85f5bff44c9c214dec9318349,
        type: 3}
      propertyPath: m_LocalRotation.w
      value: 1
      objectReference: {fileID: 0}
    - target: {fileID: 6438800304537601284, guid: a6db99c85f5bff44c9c214dec9318349,
        type: 3}
      propertyPath: m_RootOrder
      value: 19
      objectReference: {fileID: 0}
    - target: {fileID: 6438800304537601284, guid: a6db99c85f5bff44c9c214dec9318349,
        type: 3}
      propertyPath: m_LocalEulerAnglesHint.x
      value: 0
      objectReference: {fileID: 0}
    - target: {fileID: 6438800304537601284, guid: a6db99c85f5bff44c9c214dec9318349,
        type: 3}
      propertyPath: m_LocalEulerAnglesHint.y
      value: 0
      objectReference: {fileID: 0}
    - target: {fileID: 6438800304537601284, guid: a6db99c85f5bff44c9c214dec9318349,
        type: 3}
      propertyPath: m_LocalEulerAnglesHint.z
      value: 0
      objectReference: {fileID: 0}
    m_RemovedComponents: []
  m_SourcePrefab: {fileID: 100100000, guid: a6db99c85f5bff44c9c214dec9318349, type: 3}
--- !u!1 &1280371203
GameObject:
  m_ObjectHideFlags: 0
  m_CorrespondingSourceObject: {fileID: 0}
  m_PrefabInstance: {fileID: 0}
  m_PrefabAsset: {fileID: 0}
  serializedVersion: 6
  m_Component:
  - component: {fileID: 1280371206}
  - component: {fileID: 1280371205}
  - component: {fileID: 1280371204}
  m_Layer: 0
  m_Name: EventSystem
  m_TagString: Untagged
  m_Icon: {fileID: 0}
  m_NavMeshLayer: 0
  m_StaticEditorFlags: 0
  m_IsActive: 1
--- !u!114 &1280371204
MonoBehaviour:
  m_ObjectHideFlags: 0
  m_CorrespondingSourceObject: {fileID: 0}
  m_PrefabInstance: {fileID: 0}
  m_PrefabAsset: {fileID: 0}
  m_GameObject: {fileID: 1280371203}
  m_Enabled: 1
  m_EditorHideFlags: 0
  m_Script: {fileID: 11500000, guid: 4f231c4fb786f3946a6b90b886c48677, type: 3}
  m_Name: 
  m_EditorClassIdentifier: 
  m_HorizontalAxis: Horizontal
  m_VerticalAxis: Vertical
  m_SubmitButton: Submit
  m_CancelButton: Cancel
  m_InputActionsPerSecond: 10
  m_RepeatDelay: 0.5
  m_ForceModuleActive: 0
--- !u!114 &1280371205
MonoBehaviour:
  m_ObjectHideFlags: 0
  m_CorrespondingSourceObject: {fileID: 0}
  m_PrefabInstance: {fileID: 0}
  m_PrefabAsset: {fileID: 0}
  m_GameObject: {fileID: 1280371203}
  m_Enabled: 1
  m_EditorHideFlags: 0
  m_Script: {fileID: 11500000, guid: 76c392e42b5098c458856cdf6ecaaaa1, type: 3}
  m_Name: 
  m_EditorClassIdentifier: 
  m_FirstSelected: {fileID: 0}
  m_sendNavigationEvents: 1
  m_DragThreshold: 10
--- !u!4 &1280371206
Transform:
  m_ObjectHideFlags: 0
  m_CorrespondingSourceObject: {fileID: 0}
  m_PrefabInstance: {fileID: 0}
  m_PrefabAsset: {fileID: 0}
  m_GameObject: {fileID: 1280371203}
  m_LocalRotation: {x: 0, y: 0, z: 0, w: 1}
  m_LocalPosition: {x: 0, y: 0, z: 0}
  m_LocalScale: {x: 1, y: 1, z: 1}
  m_Children: []
  m_Father: {fileID: 0}
  m_RootOrder: 3
  m_LocalEulerAnglesHint: {x: 0, y: 0, z: 0}
--- !u!1001 &1426871492
PrefabInstance:
  m_ObjectHideFlags: 0
  serializedVersion: 2
  m_Modification:
    m_TransformParent: {fileID: 0}
    m_Modifications:
    - target: {fileID: 8035658139872672696, guid: 9daf8fd483e55ca489724ae4ae33ae29,
        type: 3}
      propertyPath: m_Name
      value: Heart
      objectReference: {fileID: 0}
    - target: {fileID: 8035658139872672697, guid: 9daf8fd483e55ca489724ae4ae33ae29,
        type: 3}
      propertyPath: m_LocalPosition.x
      value: 1.1
      objectReference: {fileID: 0}
    - target: {fileID: 8035658139872672697, guid: 9daf8fd483e55ca489724ae4ae33ae29,
        type: 3}
      propertyPath: m_LocalPosition.y
      value: 4.23
      objectReference: {fileID: 0}
    - target: {fileID: 8035658139872672697, guid: 9daf8fd483e55ca489724ae4ae33ae29,
        type: 3}
      propertyPath: m_LocalPosition.z
      value: 0.08
      objectReference: {fileID: 0}
    - target: {fileID: 8035658139872672697, guid: 9daf8fd483e55ca489724ae4ae33ae29,
        type: 3}
      propertyPath: m_LocalRotation.x
      value: 0
      objectReference: {fileID: 0}
    - target: {fileID: 8035658139872672697, guid: 9daf8fd483e55ca489724ae4ae33ae29,
        type: 3}
      propertyPath: m_LocalRotation.y
      value: 0
      objectReference: {fileID: 0}
    - target: {fileID: 8035658139872672697, guid: 9daf8fd483e55ca489724ae4ae33ae29,
        type: 3}
      propertyPath: m_LocalRotation.z
      value: 0
      objectReference: {fileID: 0}
    - target: {fileID: 8035658139872672697, guid: 9daf8fd483e55ca489724ae4ae33ae29,
        type: 3}
      propertyPath: m_LocalRotation.w
      value: 1
      objectReference: {fileID: 0}
    - target: {fileID: 8035658139872672697, guid: 9daf8fd483e55ca489724ae4ae33ae29,
        type: 3}
      propertyPath: m_RootOrder
      value: 6
      objectReference: {fileID: 0}
    - target: {fileID: 8035658139872672697, guid: 9daf8fd483e55ca489724ae4ae33ae29,
        type: 3}
      propertyPath: m_LocalEulerAnglesHint.x
      value: 0
      objectReference: {fileID: 0}
    - target: {fileID: 8035658139872672697, guid: 9daf8fd483e55ca489724ae4ae33ae29,
        type: 3}
      propertyPath: m_LocalEulerAnglesHint.y
      value: 0
      objectReference: {fileID: 0}
    - target: {fileID: 8035658139872672697, guid: 9daf8fd483e55ca489724ae4ae33ae29,
        type: 3}
      propertyPath: m_LocalEulerAnglesHint.z
      value: 0
      objectReference: {fileID: 0}
    - target: {fileID: 8035658139872672697, guid: 9daf8fd483e55ca489724ae4ae33ae29,
        type: 3}
      propertyPath: m_LocalScale.x
      value: 0.6
      objectReference: {fileID: 0}
    - target: {fileID: 8035658139872672697, guid: 9daf8fd483e55ca489724ae4ae33ae29,
        type: 3}
      propertyPath: m_LocalScale.y
      value: 0.6
      objectReference: {fileID: 0}
    - target: {fileID: 8035658139872672697, guid: 9daf8fd483e55ca489724ae4ae33ae29,
        type: 3}
      propertyPath: m_LocalScale.z
      value: 0.6
      objectReference: {fileID: 0}
    m_RemovedComponents: []
  m_SourcePrefab: {fileID: 100100000, guid: 9daf8fd483e55ca489724ae4ae33ae29, type: 3}
--- !u!4 &1553102711 stripped
Transform:
  m_CorrespondingSourceObject: {fileID: 8383323639891834337, guid: ab7ea9b1b8df8f9458e621c2c2c57a81,
    type: 3}
  m_PrefabInstance: {fileID: 1088473747}
  m_PrefabAsset: {fileID: 0}
--- !u!224 &1638662540 stripped
RectTransform:
  m_CorrespondingSourceObject: {fileID: 3664800060444007603, guid: ff32fb12865376a45a2a69d0766efea9,
    type: 3}
  m_PrefabInstance: {fileID: 3664800059384269844}
  m_PrefabAsset: {fileID: 0}
--- !u!1 &1822367840
GameObject:
  m_ObjectHideFlags: 0
  m_CorrespondingSourceObject: {fileID: 0}
  m_PrefabInstance: {fileID: 0}
  m_PrefabAsset: {fileID: 0}
  serializedVersion: 6
  m_Component:
  - component: {fileID: 1822367841}
  - component: {fileID: 1822367843}
  - component: {fileID: 1822367842}
  m_Layer: 5
  m_Name: vignette
  m_TagString: Untagged
  m_Icon: {fileID: 0}
  m_NavMeshLayer: 0
  m_StaticEditorFlags: 0
  m_IsActive: 0
--- !u!224 &1822367841
RectTransform:
  m_ObjectHideFlags: 0
  m_CorrespondingSourceObject: {fileID: 0}
  m_PrefabInstance: {fileID: 0}
  m_PrefabAsset: {fileID: 0}
  m_GameObject: {fileID: 1822367840}
  m_LocalRotation: {x: 0, y: 0, z: 0, w: 1}
  m_LocalPosition: {x: 0, y: 0, z: 0}
  m_LocalScale: {x: 1, y: 1, z: 1}
  m_Children: []
  m_Father: {fileID: 1638662540}
  m_RootOrder: 1
  m_LocalEulerAnglesHint: {x: 0, y: 0, z: 0}
  m_AnchorMin: {x: 0, y: 0}
  m_AnchorMax: {x: 1, y: 1}
  m_AnchoredPosition: {x: 0, y: 0}
  m_SizeDelta: {x: 0, y: 0}
  m_Pivot: {x: 0.5, y: 0.5}
--- !u!114 &1822367842
MonoBehaviour:
  m_ObjectHideFlags: 0
  m_CorrespondingSourceObject: {fileID: 0}
  m_PrefabInstance: {fileID: 0}
  m_PrefabAsset: {fileID: 0}
  m_GameObject: {fileID: 1822367840}
  m_Enabled: 1
  m_EditorHideFlags: 0
  m_Script: {fileID: 11500000, guid: fe87c0e1cc204ed48ad3b37840f39efc, type: 3}
  m_Name: 
  m_EditorClassIdentifier: 
  m_Material: {fileID: 0}
  m_Color: {r: 1, g: 1, b: 1, a: 1}
  m_RaycastTarget: 1
  m_OnCullStateChanged:
    m_PersistentCalls:
      m_Calls: []
  m_Sprite: {fileID: 21300000, guid: b0650561c544ed84ab47a0444f4b9aa4, type: 3}
  m_Type: 0
  m_PreserveAspect: 0
  m_FillCenter: 1
  m_FillMethod: 4
  m_FillAmount: 1
  m_FillClockwise: 1
  m_FillOrigin: 0
  m_UseSpriteMesh: 0
  m_PixelsPerUnitMultiplier: 1
--- !u!222 &1822367843
CanvasRenderer:
  m_ObjectHideFlags: 0
  m_CorrespondingSourceObject: {fileID: 0}
  m_PrefabInstance: {fileID: 0}
  m_PrefabAsset: {fileID: 0}
  m_GameObject: {fileID: 1822367840}
  m_CullTransparentMesh: 0
--- !u!1001 &1882565512
PrefabInstance:
  m_ObjectHideFlags: 0
  serializedVersion: 2
  m_Modification:
    m_TransformParent: {fileID: 0}
    m_Modifications:
    - target: {fileID: 3124993611110274595, guid: 4c638f71ddf3b6e4bb211c206195ac3f,
        type: 3}
      propertyPath: m_Name
      value: MovementController
      objectReference: {fileID: 0}
    - target: {fileID: 3124993611110274621, guid: 4c638f71ddf3b6e4bb211c206195ac3f,
        type: 3}
      propertyPath: m_LocalPosition.x
      value: 0.88
      objectReference: {fileID: 0}
    - target: {fileID: 3124993611110274621, guid: 4c638f71ddf3b6e4bb211c206195ac3f,
        type: 3}
      propertyPath: m_LocalPosition.y
      value: 9.57
      objectReference: {fileID: 0}
    - target: {fileID: 3124993611110274621, guid: 4c638f71ddf3b6e4bb211c206195ac3f,
        type: 3}
      propertyPath: m_LocalPosition.z
      value: -0.044
      objectReference: {fileID: 0}
    - target: {fileID: 3124993611110274621, guid: 4c638f71ddf3b6e4bb211c206195ac3f,
        type: 3}
      propertyPath: m_LocalRotation.x
      value: 0
      objectReference: {fileID: 0}
    - target: {fileID: 3124993611110274621, guid: 4c638f71ddf3b6e4bb211c206195ac3f,
        type: 3}
      propertyPath: m_LocalRotation.y
      value: 0
      objectReference: {fileID: 0}
    - target: {fileID: 3124993611110274621, guid: 4c638f71ddf3b6e4bb211c206195ac3f,
        type: 3}
      propertyPath: m_LocalRotation.z
      value: 0
      objectReference: {fileID: 0}
    - target: {fileID: 3124993611110274621, guid: 4c638f71ddf3b6e4bb211c206195ac3f,
        type: 3}
      propertyPath: m_LocalRotation.w
      value: 1
      objectReference: {fileID: 0}
    - target: {fileID: 3124993611110274621, guid: 4c638f71ddf3b6e4bb211c206195ac3f,
        type: 3}
      propertyPath: m_RootOrder
      value: 18
      objectReference: {fileID: 0}
    - target: {fileID: 3124993611110274621, guid: 4c638f71ddf3b6e4bb211c206195ac3f,
        type: 3}
      propertyPath: m_LocalEulerAnglesHint.x
      value: 0
      objectReference: {fileID: 0}
    - target: {fileID: 3124993611110274621, guid: 4c638f71ddf3b6e4bb211c206195ac3f,
        type: 3}
      propertyPath: m_LocalEulerAnglesHint.y
      value: 0
      objectReference: {fileID: 0}
    - target: {fileID: 3124993611110274621, guid: 4c638f71ddf3b6e4bb211c206195ac3f,
        type: 3}
      propertyPath: m_LocalEulerAnglesHint.z
      value: 0
      objectReference: {fileID: 0}
    m_RemovedComponents: []
  m_SourcePrefab: {fileID: 100100000, guid: 4c638f71ddf3b6e4bb211c206195ac3f, type: 3}
--- !u!1001 &1991999988
PrefabInstance:
  m_ObjectHideFlags: 0
  serializedVersion: 2
  m_Modification:
    m_TransformParent: {fileID: 0}
    m_Modifications:
    - target: {fileID: 3327534262265117912, guid: 3497ad8359ce5584f8c974145efd1003,
        type: 3}
      propertyPath: m_Enabled
      value: 0
      objectReference: {fileID: 0}
    - target: {fileID: 6704782179849709012, guid: 3497ad8359ce5584f8c974145efd1003,
        type: 3}
      propertyPath: m_Name
      value: FoodDino
      objectReference: {fileID: 0}
    - target: {fileID: 6704782179849709012, guid: 3497ad8359ce5584f8c974145efd1003,
        type: 3}
      propertyPath: m_IsActive
      value: 1
      objectReference: {fileID: 0}
    - target: {fileID: 7734776257574426567, guid: 3497ad8359ce5584f8c974145efd1003,
        type: 3}
      propertyPath: m_LocalPosition.x
      value: 3.78
      objectReference: {fileID: 0}
    - target: {fileID: 7734776257574426567, guid: 3497ad8359ce5584f8c974145efd1003,
        type: 3}
      propertyPath: m_LocalPosition.y
      value: 9.44
      objectReference: {fileID: 0}
    - target: {fileID: 7734776257574426567, guid: 3497ad8359ce5584f8c974145efd1003,
        type: 3}
      propertyPath: m_LocalPosition.z
      value: -0
      objectReference: {fileID: 0}
    - target: {fileID: 7734776257574426567, guid: 3497ad8359ce5584f8c974145efd1003,
        type: 3}
      propertyPath: m_LocalRotation.x
      value: 0
      objectReference: {fileID: 0}
    - target: {fileID: 7734776257574426567, guid: 3497ad8359ce5584f8c974145efd1003,
        type: 3}
      propertyPath: m_LocalRotation.y
      value: 0.7071068
      objectReference: {fileID: 0}
    - target: {fileID: 7734776257574426567, guid: 3497ad8359ce5584f8c974145efd1003,
        type: 3}
      propertyPath: m_LocalRotation.z
      value: 0
      objectReference: {fileID: 0}
    - target: {fileID: 7734776257574426567, guid: 3497ad8359ce5584f8c974145efd1003,
        type: 3}
      propertyPath: m_LocalRotation.w
      value: 0.7071068
      objectReference: {fileID: 0}
    - target: {fileID: 7734776257574426567, guid: 3497ad8359ce5584f8c974145efd1003,
        type: 3}
      propertyPath: m_RootOrder
      value: 14
      objectReference: {fileID: 0}
    - target: {fileID: 7734776257574426567, guid: 3497ad8359ce5584f8c974145efd1003,
        type: 3}
      propertyPath: m_LocalEulerAnglesHint.x
      value: 0
      objectReference: {fileID: 0}
    - target: {fileID: 7734776257574426567, guid: 3497ad8359ce5584f8c974145efd1003,
        type: 3}
      propertyPath: m_LocalEulerAnglesHint.y
      value: 90
      objectReference: {fileID: 0}
    - target: {fileID: 7734776257574426567, guid: 3497ad8359ce5584f8c974145efd1003,
        type: 3}
      propertyPath: m_LocalEulerAnglesHint.z
      value: 0
      objectReference: {fileID: 0}
    m_RemovedComponents: []
  m_SourcePrefab: {fileID: 100100000, guid: 3497ad8359ce5584f8c974145efd1003, type: 3}
--- !u!1001 &3664800059384269844
PrefabInstance:
  m_ObjectHideFlags: 0
  serializedVersion: 2
  m_Modification:
    m_TransformParent: {fileID: 0}
    m_Modifications:
    - target: {fileID: 3664800060390210800, guid: ff32fb12865376a45a2a69d0766efea9,
        type: 3}
      propertyPath: clearedColor.r
      value: 0.36114678
      objectReference: {fileID: 0}
    - target: {fileID: 3664800060390210800, guid: ff32fb12865376a45a2a69d0766efea9,
        type: 3}
      propertyPath: clearedColor.g
      value: 0.6037736
      objectReference: {fileID: 0}
    - target: {fileID: 3664800060390210800, guid: ff32fb12865376a45a2a69d0766efea9,
        type: 3}
      propertyPath: clearedColor.b
      value: 0.33891064
      objectReference: {fileID: 0}
    - target: {fileID: 3664800060390210800, guid: ff32fb12865376a45a2a69d0766efea9,
        type: 3}
      propertyPath: expiredColor.r
      value: 0.5754717
      objectReference: {fileID: 0}
    - target: {fileID: 3664800060390210800, guid: ff32fb12865376a45a2a69d0766efea9,
        type: 3}
      propertyPath: expiredColor.g
      value: 0.24158953
      objectReference: {fileID: 0}
    - target: {fileID: 3664800060390210800, guid: ff32fb12865376a45a2a69d0766efea9,
        type: 3}
      propertyPath: expiredColor.b
      value: 0.24158953
      objectReference: {fileID: 0}
    - target: {fileID: 3664800060390210800, guid: ff32fb12865376a45a2a69d0766efea9,
        type: 3}
      propertyPath: clearedColor.a
      value: 1
      objectReference: {fileID: 0}
    - target: {fileID: 3664800060390210800, guid: ff32fb12865376a45a2a69d0766efea9,
        type: 3}
      propertyPath: expiredColor.a
      value: 1
      objectReference: {fileID: 0}
    - target: {fileID: 3664800060444007603, guid: ff32fb12865376a45a2a69d0766efea9,
        type: 3}
      propertyPath: m_LocalPosition.x
      value: 0
      objectReference: {fileID: 0}
    - target: {fileID: 3664800060444007603, guid: ff32fb12865376a45a2a69d0766efea9,
        type: 3}
      propertyPath: m_LocalPosition.y
      value: 0
      objectReference: {fileID: 0}
    - target: {fileID: 3664800060444007603, guid: ff32fb12865376a45a2a69d0766efea9,
        type: 3}
      propertyPath: m_LocalPosition.z
      value: 0
      objectReference: {fileID: 0}
    - target: {fileID: 3664800060444007603, guid: ff32fb12865376a45a2a69d0766efea9,
        type: 3}
      propertyPath: m_LocalRotation.x
      value: 0
      objectReference: {fileID: 0}
    - target: {fileID: 3664800060444007603, guid: ff32fb12865376a45a2a69d0766efea9,
        type: 3}
      propertyPath: m_LocalRotation.y
      value: 0
      objectReference: {fileID: 0}
    - target: {fileID: 3664800060444007603, guid: ff32fb12865376a45a2a69d0766efea9,
        type: 3}
      propertyPath: m_LocalRotation.z
      value: 0
      objectReference: {fileID: 0}
    - target: {fileID: 3664800060444007603, guid: ff32fb12865376a45a2a69d0766efea9,
        type: 3}
      propertyPath: m_LocalRotation.w
      value: 1
      objectReference: {fileID: 0}
    - target: {fileID: 3664800060444007603, guid: ff32fb12865376a45a2a69d0766efea9,
        type: 3}
      propertyPath: m_RootOrder
      value: 8
      objectReference: {fileID: 0}
    - target: {fileID: 3664800060444007603, guid: ff32fb12865376a45a2a69d0766efea9,
        type: 3}
      propertyPath: m_LocalEulerAnglesHint.x
      value: 0
      objectReference: {fileID: 0}
    - target: {fileID: 3664800060444007603, guid: ff32fb12865376a45a2a69d0766efea9,
        type: 3}
      propertyPath: m_LocalEulerAnglesHint.y
      value: 0
      objectReference: {fileID: 0}
    - target: {fileID: 3664800060444007603, guid: ff32fb12865376a45a2a69d0766efea9,
        type: 3}
      propertyPath: m_LocalEulerAnglesHint.z
      value: 0
      objectReference: {fileID: 0}
    - target: {fileID: 3664800060444007603, guid: ff32fb12865376a45a2a69d0766efea9,
        type: 3}
      propertyPath: m_AnchoredPosition.x
      value: 0
      objectReference: {fileID: 0}
    - target: {fileID: 3664800060444007603, guid: ff32fb12865376a45a2a69d0766efea9,
        type: 3}
      propertyPath: m_AnchoredPosition.y
      value: 0
      objectReference: {fileID: 0}
    - target: {fileID: 3664800060444007603, guid: ff32fb12865376a45a2a69d0766efea9,
        type: 3}
      propertyPath: m_SizeDelta.x
      value: 0
      objectReference: {fileID: 0}
    - target: {fileID: 3664800060444007603, guid: ff32fb12865376a45a2a69d0766efea9,
        type: 3}
      propertyPath: m_SizeDelta.y
      value: 0
      objectReference: {fileID: 0}
    - target: {fileID: 3664800060444007603, guid: ff32fb12865376a45a2a69d0766efea9,
        type: 3}
      propertyPath: m_AnchorMin.x
      value: 0
      objectReference: {fileID: 0}
    - target: {fileID: 3664800060444007603, guid: ff32fb12865376a45a2a69d0766efea9,
        type: 3}
      propertyPath: m_AnchorMin.y
      value: 0
      objectReference: {fileID: 0}
    - target: {fileID: 3664800060444007603, guid: ff32fb12865376a45a2a69d0766efea9,
        type: 3}
      propertyPath: m_AnchorMax.x
      value: 0
      objectReference: {fileID: 0}
    - target: {fileID: 3664800060444007603, guid: ff32fb12865376a45a2a69d0766efea9,
        type: 3}
      propertyPath: m_AnchorMax.y
      value: 0
      objectReference: {fileID: 0}
    - target: {fileID: 3664800060444007603, guid: ff32fb12865376a45a2a69d0766efea9,
        type: 3}
      propertyPath: m_Pivot.x
      value: 0
      objectReference: {fileID: 0}
    - target: {fileID: 3664800060444007603, guid: ff32fb12865376a45a2a69d0766efea9,
        type: 3}
      propertyPath: m_Pivot.y
      value: 0
      objectReference: {fileID: 0}
    - target: {fileID: 3664800060444007607, guid: ff32fb12865376a45a2a69d0766efea9,
        type: 3}
      propertyPath: m_Name
      value: ScreenCanvas
      objectReference: {fileID: 0}
    m_RemovedComponents: []
  m_SourcePrefab: {fileID: 100100000, guid: ff32fb12865376a45a2a69d0766efea9, type: 3}
--- !u!1001 &4517463421024668510
PrefabInstance:
  m_ObjectHideFlags: 0
  serializedVersion: 2
  m_Modification:
    m_TransformParent: {fileID: 0}
    m_Modifications:
    - target: {fileID: 4517463419927412804, guid: 04ec8af8fc1b9a04390e5684eeea9d2f,
        type: 3}
      propertyPath: dist
      value: 1
      objectReference: {fileID: 0}
    - target: {fileID: 4517463419927412804, guid: 04ec8af8fc1b9a04390e5684eeea9d2f,
        type: 3}
      propertyPath: brainNeedWrapperOffset.z
      value: 2
      objectReference: {fileID: 0}
    - target: {fileID: 4517463419927412804, guid: 04ec8af8fc1b9a04390e5684eeea9d2f,
        type: 3}
      propertyPath: keyPressWrapperOffset.y
      value: 0.5
      objectReference: {fileID: 0}
    - target: {fileID: 4517463419927412804, guid: 04ec8af8fc1b9a04390e5684eeea9d2f,
        type: 3}
      propertyPath: keyPressWrapperOffset.z
      value: -1
      objectReference: {fileID: 0}
    - target: {fileID: 4517463419927412805, guid: 04ec8af8fc1b9a04390e5684eeea9d2f,
        type: 3}
      propertyPath: m_LocalPosition.x
      value: -8.267681
      objectReference: {fileID: 0}
    - target: {fileID: 4517463419927412805, guid: 04ec8af8fc1b9a04390e5684eeea9d2f,
        type: 3}
      propertyPath: m_LocalPosition.y
      value: 14.3677845
      objectReference: {fileID: 0}
    - target: {fileID: 4517463419927412805, guid: 04ec8af8fc1b9a04390e5684eeea9d2f,
        type: 3}
      propertyPath: m_LocalPosition.z
      value: -5.613091
      objectReference: {fileID: 0}
    - target: {fileID: 4517463419927412805, guid: 04ec8af8fc1b9a04390e5684eeea9d2f,
        type: 3}
      propertyPath: m_LocalRotation.x
      value: 0
      objectReference: {fileID: 0}
    - target: {fileID: 4517463419927412805, guid: 04ec8af8fc1b9a04390e5684eeea9d2f,
        type: 3}
      propertyPath: m_LocalRotation.y
      value: 0
      objectReference: {fileID: 0}
    - target: {fileID: 4517463419927412805, guid: 04ec8af8fc1b9a04390e5684eeea9d2f,
        type: 3}
      propertyPath: m_LocalRotation.z
      value: 0
      objectReference: {fileID: 0}
    - target: {fileID: 4517463419927412805, guid: 04ec8af8fc1b9a04390e5684eeea9d2f,
        type: 3}
      propertyPath: m_LocalRotation.w
      value: 1
      objectReference: {fileID: 0}
    - target: {fileID: 4517463419927412805, guid: 04ec8af8fc1b9a04390e5684eeea9d2f,
        type: 3}
      propertyPath: m_RootOrder
      value: 4
      objectReference: {fileID: 0}
    - target: {fileID: 4517463419927412805, guid: 04ec8af8fc1b9a04390e5684eeea9d2f,
        type: 3}
      propertyPath: m_LocalEulerAnglesHint.x
      value: 0
      objectReference: {fileID: 0}
    - target: {fileID: 4517463419927412805, guid: 04ec8af8fc1b9a04390e5684eeea9d2f,
        type: 3}
      propertyPath: m_LocalEulerAnglesHint.y
      value: 0
      objectReference: {fileID: 0}
    - target: {fileID: 4517463419927412805, guid: 04ec8af8fc1b9a04390e5684eeea9d2f,
        type: 3}
      propertyPath: m_LocalEulerAnglesHint.z
      value: 0
      objectReference: {fileID: 0}
    - target: {fileID: 4517463419927412807, guid: 04ec8af8fc1b9a04390e5684eeea9d2f,
        type: 3}
      propertyPath: m_Name
      value: UIManager
      objectReference: {fileID: 0}
    m_RemovedComponents: []
  m_SourcePrefab: {fileID: 100100000, guid: 04ec8af8fc1b9a04390e5684eeea9d2f, type: 3}
--- !u!1001 &5542188333030306409
PrefabInstance:
  m_ObjectHideFlags: 0
  serializedVersion: 2
  m_Modification:
    m_TransformParent: {fileID: 0}
    m_Modifications:
    - target: {fileID: 4152990211437378254, guid: a2b75f18e1c71ea4486b121b82d3d06d,
        type: 3}
      propertyPath: m_Name
      value: Lungs
      objectReference: {fileID: 0}
    - target: {fileID: 4152990211437378255, guid: a2b75f18e1c71ea4486b121b82d3d06d,
        type: 3}
      propertyPath: m_LocalPosition.x
      value: 0.72
      objectReference: {fileID: 0}
    - target: {fileID: 4152990211437378255, guid: a2b75f18e1c71ea4486b121b82d3d06d,
        type: 3}
      propertyPath: m_LocalPosition.y
      value: 3.11
      objectReference: {fileID: 0}
    - target: {fileID: 4152990211437378255, guid: a2b75f18e1c71ea4486b121b82d3d06d,
        type: 3}
      propertyPath: m_LocalPosition.z
      value: 0.043
      objectReference: {fileID: 0}
    - target: {fileID: 4152990211437378255, guid: a2b75f18e1c71ea4486b121b82d3d06d,
        type: 3}
      propertyPath: m_LocalRotation.x
      value: -0
      objectReference: {fileID: 0}
    - target: {fileID: 4152990211437378255, guid: a2b75f18e1c71ea4486b121b82d3d06d,
        type: 3}
      propertyPath: m_LocalRotation.y
      value: -0
      objectReference: {fileID: 0}
    - target: {fileID: 4152990211437378255, guid: a2b75f18e1c71ea4486b121b82d3d06d,
        type: 3}
      propertyPath: m_LocalRotation.z
      value: -0.42509043
      objectReference: {fileID: 0}
    - target: {fileID: 4152990211437378255, guid: a2b75f18e1c71ea4486b121b82d3d06d,
        type: 3}
      propertyPath: m_LocalRotation.w
      value: 0.9051509
      objectReference: {fileID: 0}
    - target: {fileID: 4152990211437378255, guid: a2b75f18e1c71ea4486b121b82d3d06d,
        type: 3}
      propertyPath: m_RootOrder
      value: 7
      objectReference: {fileID: 0}
    - target: {fileID: 4152990211437378255, guid: a2b75f18e1c71ea4486b121b82d3d06d,
        type: 3}
      propertyPath: m_LocalEulerAnglesHint.x
      value: 0
      objectReference: {fileID: 0}
    - target: {fileID: 4152990211437378255, guid: a2b75f18e1c71ea4486b121b82d3d06d,
        type: 3}
      propertyPath: m_LocalEulerAnglesHint.y
      value: 0
      objectReference: {fileID: 0}
    - target: {fileID: 4152990211437378255, guid: a2b75f18e1c71ea4486b121b82d3d06d,
        type: 3}
      propertyPath: m_LocalEulerAnglesHint.z
      value: -50.313004
      objectReference: {fileID: 0}
    - target: {fileID: 4152990211437378255, guid: a2b75f18e1c71ea4486b121b82d3d06d,
        type: 3}
      propertyPath: m_LocalScale.x
      value: 0.5
      objectReference: {fileID: 0}
    m_RemovedComponents: []
  m_SourcePrefab: {fileID: 100100000, guid: a2b75f18e1c71ea4486b121b82d3d06d, type: 3}
--- !u!1001 &6771216559931519429
PrefabInstance:
  m_ObjectHideFlags: 0
  serializedVersion: 2
  m_Modification:
    m_TransformParent: {fileID: 0}
    m_Modifications:
    - target: {fileID: 6771216558370305520, guid: 8037da8f5412a7345a3ca5bb454ec4ee,
        type: 3}
      propertyPath: m_Name
      value: environment
      objectReference: {fileID: 0}
    - target: {fileID: 6771216558370305523, guid: 8037da8f5412a7345a3ca5bb454ec4ee,
        type: 3}
      propertyPath: m_LocalPosition.x
      value: -9.578254
      objectReference: {fileID: 0}
    - target: {fileID: 6771216558370305523, guid: 8037da8f5412a7345a3ca5bb454ec4ee,
        type: 3}
      propertyPath: m_LocalPosition.y
      value: 17.239922
      objectReference: {fileID: 0}
    - target: {fileID: 6771216558370305523, guid: 8037da8f5412a7345a3ca5bb454ec4ee,
        type: 3}
      propertyPath: m_LocalPosition.z
      value: 0.7047558
      objectReference: {fileID: 0}
    - target: {fileID: 6771216558370305523, guid: 8037da8f5412a7345a3ca5bb454ec4ee,
        type: 3}
      propertyPath: m_LocalRotation.x
      value: 0
      objectReference: {fileID: 0}
    - target: {fileID: 6771216558370305523, guid: 8037da8f5412a7345a3ca5bb454ec4ee,
        type: 3}
      propertyPath: m_LocalRotation.y
      value: 0
      objectReference: {fileID: 0}
    - target: {fileID: 6771216558370305523, guid: 8037da8f5412a7345a3ca5bb454ec4ee,
        type: 3}
      propertyPath: m_LocalRotation.z
      value: 0
      objectReference: {fileID: 0}
    - target: {fileID: 6771216558370305523, guid: 8037da8f5412a7345a3ca5bb454ec4ee,
        type: 3}
      propertyPath: m_LocalRotation.w
      value: 1
      objectReference: {fileID: 0}
    - target: {fileID: 6771216558370305523, guid: 8037da8f5412a7345a3ca5bb454ec4ee,
        type: 3}
      propertyPath: m_RootOrder
      value: 1
      objectReference: {fileID: 0}
    - target: {fileID: 6771216558370305523, guid: 8037da8f5412a7345a3ca5bb454ec4ee,
        type: 3}
      propertyPath: m_LocalEulerAnglesHint.x
      value: 0
      objectReference: {fileID: 0}
    - target: {fileID: 6771216558370305523, guid: 8037da8f5412a7345a3ca5bb454ec4ee,
        type: 3}
      propertyPath: m_LocalEulerAnglesHint.y
      value: 0
      objectReference: {fileID: 0}
    - target: {fileID: 6771216558370305523, guid: 8037da8f5412a7345a3ca5bb454ec4ee,
        type: 3}
      propertyPath: m_LocalEulerAnglesHint.z
      value: 0
      objectReference: {fileID: 0}
    - target: {fileID: 6771216558370305523, guid: 8037da8f5412a7345a3ca5bb454ec4ee,
        type: 3}
      propertyPath: m_LocalScale.z
      value: 5.9737
      objectReference: {fileID: 0}
    m_RemovedComponents: []
  m_SourcePrefab: {fileID: 100100000, guid: 8037da8f5412a7345a3ca5bb454ec4ee, type: 3}
--- !u!1001 &6922471398071022408
PrefabInstance:
  m_ObjectHideFlags: 0
  serializedVersion: 2
  m_Modification:
    m_TransformParent: {fileID: 0}
    m_Modifications:
    - target: {fileID: 6922471398053398625, guid: 127b63c5e988a4b4a845f02ac98c7e2c,
        type: 3}
      propertyPath: m_Name
      value: Brain
      objectReference: {fileID: 0}
    - target: {fileID: 6922471398053398630, guid: 127b63c5e988a4b4a845f02ac98c7e2c,
        type: 3}
      propertyPath: m_LocalPosition.x
      value: 0.88
      objectReference: {fileID: 0}
    - target: {fileID: 6922471398053398630, guid: 127b63c5e988a4b4a845f02ac98c7e2c,
        type: 3}
      propertyPath: m_LocalPosition.y
      value: 9.57
      objectReference: {fileID: 0}
    - target: {fileID: 6922471398053398630, guid: 127b63c5e988a4b4a845f02ac98c7e2c,
        type: 3}
      propertyPath: m_LocalPosition.z
      value: -0.044
      objectReference: {fileID: 0}
    - target: {fileID: 6922471398053398630, guid: 127b63c5e988a4b4a845f02ac98c7e2c,
        type: 3}
      propertyPath: m_LocalRotation.x
      value: 0
      objectReference: {fileID: 0}
    - target: {fileID: 6922471398053398630, guid: 127b63c5e988a4b4a845f02ac98c7e2c,
        type: 3}
      propertyPath: m_LocalRotation.y
      value: 0
      objectReference: {fileID: 0}
    - target: {fileID: 6922471398053398630, guid: 127b63c5e988a4b4a845f02ac98c7e2c,
        type: 3}
      propertyPath: m_LocalRotation.z
      value: 0
      objectReference: {fileID: 0}
    - target: {fileID: 6922471398053398630, guid: 127b63c5e988a4b4a845f02ac98c7e2c,
        type: 3}
      propertyPath: m_LocalRotation.w
      value: 1
      objectReference: {fileID: 0}
    - target: {fileID: 6922471398053398630, guid: 127b63c5e988a4b4a845f02ac98c7e2c,
        type: 3}
      propertyPath: m_RootOrder
      value: 5
      objectReference: {fileID: 0}
    - target: {fileID: 6922471398053398630, guid: 127b63c5e988a4b4a845f02ac98c7e2c,
        type: 3}
      propertyPath: m_LocalEulerAnglesHint.x
      value: 0
      objectReference: {fileID: 0}
    - target: {fileID: 6922471398053398630, guid: 127b63c5e988a4b4a845f02ac98c7e2c,
        type: 3}
      propertyPath: m_LocalEulerAnglesHint.y
      value: 0
      objectReference: {fileID: 0}
    - target: {fileID: 6922471398053398630, guid: 127b63c5e988a4b4a845f02ac98c7e2c,
        type: 3}
      propertyPath: m_LocalEulerAnglesHint.z
      value: 0
      objectReference: {fileID: 0}
    - target: {fileID: 6922471398053398630, guid: 127b63c5e988a4b4a845f02ac98c7e2c,
        type: 3}
      propertyPath: m_LocalScale.x
      value: 0.51521
      objectReference: {fileID: 0}
    - target: {fileID: 6922471398053398630, guid: 127b63c5e988a4b4a845f02ac98c7e2c,
        type: 3}
      propertyPath: m_LocalScale.y
      value: 0.51521
      objectReference: {fileID: 0}
    - target: {fileID: 6922471398053398630, guid: 127b63c5e988a4b4a845f02ac98c7e2c,
        type: 3}
      propertyPath: m_LocalScale.z
      value: 0.51521
      objectReference: {fileID: 0}
    - target: {fileID: 6922471398053398631, guid: 127b63c5e988a4b4a845f02ac98c7e2c,
        type: 3}
      propertyPath: target
      value: 
      objectReference: {fileID: 586492450}
    m_RemovedComponents: []
  m_SourcePrefab: {fileID: 100100000, guid: 127b63c5e988a4b4a845f02ac98c7e2c, type: 3}
--- !u!4 &6922471398071022409 stripped
Transform:
  m_CorrespondingSourceObject: {fileID: 6922471398053398630, guid: 127b63c5e988a4b4a845f02ac98c7e2c,
    type: 3}
  m_PrefabInstance: {fileID: 6922471398071022408}
  m_PrefabAsset: {fileID: 0}
--- !u!1001 &6958321449928396387
PrefabInstance:
  m_ObjectHideFlags: 0
  serializedVersion: 2
  m_Modification:
    m_TransformParent: {fileID: 0}
    m_Modifications:
    - target: {fileID: 6958321448183443368, guid: 54fa249558acf4b428061069b76b7d47,
        type: 3}
      propertyPath: m_Name
      value: DinoNeck
      objectReference: {fileID: 0}
    - target: {fileID: 6958321448183443373, guid: 54fa249558acf4b428061069b76b7d47,
        type: 3}
      propertyPath: m_LocalPosition.x
      value: 0.86
      objectReference: {fileID: 0}
    - target: {fileID: 6958321448183443373, guid: 54fa249558acf4b428061069b76b7d47,
        type: 3}
      propertyPath: m_LocalPosition.y
      value: 6.49
      objectReference: {fileID: 0}
    - target: {fileID: 6958321448183443373, guid: 54fa249558acf4b428061069b76b7d47,
        type: 3}
      propertyPath: m_LocalPosition.z
      value: -0.009999998
      objectReference: {fileID: 0}
    - target: {fileID: 6958321448183443373, guid: 54fa249558acf4b428061069b76b7d47,
        type: 3}
      propertyPath: m_LocalRotation.x
      value: 0
      objectReference: {fileID: 0}
    - target: {fileID: 6958321448183443373, guid: 54fa249558acf4b428061069b76b7d47,
        type: 3}
      propertyPath: m_LocalRotation.y
      value: 0
      objectReference: {fileID: 0}
    - target: {fileID: 6958321448183443373, guid: 54fa249558acf4b428061069b76b7d47,
        type: 3}
      propertyPath: m_LocalRotation.z
      value: 0
      objectReference: {fileID: 0}
    - target: {fileID: 6958321448183443373, guid: 54fa249558acf4b428061069b76b7d47,
        type: 3}
      propertyPath: m_LocalRotation.w
      value: 1
      objectReference: {fileID: 0}
    - target: {fileID: 6958321448183443373, guid: 54fa249558acf4b428061069b76b7d47,
        type: 3}
      propertyPath: m_RootOrder
      value: 17
      objectReference: {fileID: 0}
    - target: {fileID: 6958321448183443373, guid: 54fa249558acf4b428061069b76b7d47,
        type: 3}
      propertyPath: m_LocalEulerAnglesHint.x
      value: 0
      objectReference: {fileID: 0}
    - target: {fileID: 6958321448183443373, guid: 54fa249558acf4b428061069b76b7d47,
        type: 3}
      propertyPath: m_LocalEulerAnglesHint.y
      value: 0
      objectReference: {fileID: 0}
    - target: {fileID: 6958321448183443373, guid: 54fa249558acf4b428061069b76b7d47,
        type: 3}
      propertyPath: m_LocalEulerAnglesHint.z
      value: 0
      objectReference: {fileID: 0}
    m_RemovedComponents: []
  m_SourcePrefab: {fileID: 100100000, guid: 54fa249558acf4b428061069b76b7d47, type: 3}
--- !u!1001 &7535370453010935099
PrefabInstance:
  m_ObjectHideFlags: 0
  serializedVersion: 2
  m_Modification:
    m_TransformParent: {fileID: 0}
    m_Modifications:
    - target: {fileID: 538320502, guid: 716d515a0ed320e4da941f9e0ced17f6, type: 3}
      propertyPath: m_LocalRotation.x
      value: 0.060362138
      objectReference: {fileID: 0}
    - target: {fileID: 538320502, guid: 716d515a0ed320e4da941f9e0ced17f6, type: 3}
      propertyPath: m_LocalRotation.y
      value: 0.7045257
      objectReference: {fileID: 0}
    - target: {fileID: 538320502, guid: 716d515a0ed320e4da941f9e0ced17f6, type: 3}
      propertyPath: m_LocalRotation.z
      value: -0.060362138
      objectReference: {fileID: 0}
    - target: {fileID: 538320502, guid: 716d515a0ed320e4da941f9e0ced17f6, type: 3}
      propertyPath: m_LocalRotation.w
      value: 0.7045257
      objectReference: {fileID: 0}
    - target: {fileID: 538320502, guid: 716d515a0ed320e4da941f9e0ced17f6, type: 3}
      propertyPath: m_LocalEulerAnglesHint.x
      value: 9.794001
      objectReference: {fileID: 0}
    - target: {fileID: 538320502, guid: 716d515a0ed320e4da941f9e0ced17f6, type: 3}
      propertyPath: m_LocalEulerAnglesHint.y
      value: 90.00001
      objectReference: {fileID: 0}
    - target: {fileID: 538320502, guid: 716d515a0ed320e4da941f9e0ced17f6, type: 3}
      propertyPath: m_LocalEulerAnglesHint.z
      value: 0
      objectReference: {fileID: 0}
    - target: {fileID: 538320502, guid: 716d515a0ed320e4da941f9e0ced17f6, type: 3}
      propertyPath: m_LocalPosition.x
      value: 2.62
      objectReference: {fileID: 0}
    - target: {fileID: 538320502, guid: 716d515a0ed320e4da941f9e0ced17f6, type: 3}
      propertyPath: m_LocalPosition.y
      value: 9.57
      objectReference: {fileID: 0}
    - target: {fileID: 538320502, guid: 716d515a0ed320e4da941f9e0ced17f6, type: 3}
      propertyPath: m_LocalPosition.z
      value: -0.044
      objectReference: {fileID: 0}
    - target: {fileID: 538320503, guid: 716d515a0ed320e4da941f9e0ced17f6, type: 3}
      propertyPath: m_Follow
      value: 
      objectReference: {fileID: 6922471398071022409}
    - target: {fileID: 1142158724, guid: 716d515a0ed320e4da941f9e0ced17f6, type: 3}
      propertyPath: m_TrackedObjectOffset.x
      value: 0
      objectReference: {fileID: 0}
    - target: {fileID: 7535370452476947686, guid: 716d515a0ed320e4da941f9e0ced17f6,
        type: 3}
      propertyPath: m_LookAt
      value: 
      objectReference: {fileID: 6922471398071022409}
    - target: {fileID: 7535370452476947686, guid: 716d515a0ed320e4da941f9e0ced17f6,
        type: 3}
      propertyPath: m_Follow
      value: 
      objectReference: {fileID: 0}
    - target: {fileID: 7535370452476947686, guid: 716d515a0ed320e4da941f9e0ced17f6,
        type: 3}
      propertyPath: m_Priority
      value: 10
      objectReference: {fileID: 0}
    - target: {fileID: 7535370452476947687, guid: 716d515a0ed320e4da941f9e0ced17f6,
        type: 3}
      propertyPath: m_LocalRotation.y
      value: -0.2604278
      objectReference: {fileID: 0}
    - target: {fileID: 7535370452476947687, guid: 716d515a0ed320e4da941f9e0ced17f6,
        type: 3}
      propertyPath: m_LocalRotation.z
      value: -0.0067632394
      objectReference: {fileID: 0}
    - target: {fileID: 7535370452476947687, guid: 716d515a0ed320e4da941f9e0ced17f6,
        type: 3}
      propertyPath: m_LocalRotation.x
      value: -0.025064534
      objectReference: {fileID: 0}
    - target: {fileID: 7535370452476947687, guid: 716d515a0ed320e4da941f9e0ced17f6,
        type: 3}
      propertyPath: m_LocalRotation.w
      value: 0.9651442
      objectReference: {fileID: 0}
    - target: {fileID: 7535370452476947687, guid: 716d515a0ed320e4da941f9e0ced17f6,
        type: 3}
      propertyPath: m_LocalPosition.x
      value: 3.59
      objectReference: {fileID: 0}
    - target: {fileID: 7535370452476947687, guid: 716d515a0ed320e4da941f9e0ced17f6,
        type: 3}
      propertyPath: m_LocalPosition.z
      value: -4.7
      objectReference: {fileID: 0}
    - target: {fileID: 7535370452476947687, guid: 716d515a0ed320e4da941f9e0ced17f6,
        type: 3}
      propertyPath: m_LocalPosition.y
      value: 9.29
      objectReference: {fileID: 0}
    - target: {fileID: 7535370453200772557, guid: 716d515a0ed320e4da941f9e0ced17f6,
        type: 3}
      propertyPath: m_LookaheadSmoothing
      value: 10
      objectReference: {fileID: 0}
    - target: {fileID: 7535370453727613216, guid: 716d515a0ed320e4da941f9e0ced17f6,
        type: 3}
      propertyPath: m_Name
      value: Cameras
      objectReference: {fileID: 0}
    - target: {fileID: 7535370453727613222, guid: 716d515a0ed320e4da941f9e0ced17f6,
        type: 3}
      propertyPath: EyesVignette
      value: 
      objectReference: {fileID: 1822367840}
    - target: {fileID: 7535370453727613223, guid: 716d515a0ed320e4da941f9e0ced17f6,
        type: 3}
      propertyPath: m_LocalPosition.x
      value: 0
      objectReference: {fileID: 0}
    - target: {fileID: 7535370453727613223, guid: 716d515a0ed320e4da941f9e0ced17f6,
        type: 3}
      propertyPath: m_LocalPosition.y
      value: 0
      objectReference: {fileID: 0}
    - target: {fileID: 7535370453727613223, guid: 716d515a0ed320e4da941f9e0ced17f6,
        type: 3}
      propertyPath: m_LocalPosition.z
      value: 0
      objectReference: {fileID: 0}
    - target: {fileID: 7535370453727613223, guid: 716d515a0ed320e4da941f9e0ced17f6,
        type: 3}
      propertyPath: m_LocalRotation.x
      value: 0
      objectReference: {fileID: 0}
    - target: {fileID: 7535370453727613223, guid: 716d515a0ed320e4da941f9e0ced17f6,
        type: 3}
      propertyPath: m_LocalRotation.y
      value: 0
      objectReference: {fileID: 0}
    - target: {fileID: 7535370453727613223, guid: 716d515a0ed320e4da941f9e0ced17f6,
        type: 3}
      propertyPath: m_LocalRotation.z
      value: 0
      objectReference: {fileID: 0}
    - target: {fileID: 7535370453727613223, guid: 716d515a0ed320e4da941f9e0ced17f6,
        type: 3}
      propertyPath: m_LocalRotation.w
      value: 1
      objectReference: {fileID: 0}
    - target: {fileID: 7535370453727613223, guid: 716d515a0ed320e4da941f9e0ced17f6,
        type: 3}
      propertyPath: m_RootOrder
      value: 2
      objectReference: {fileID: 0}
    - target: {fileID: 7535370453727613223, guid: 716d515a0ed320e4da941f9e0ced17f6,
        type: 3}
      propertyPath: m_LocalEulerAnglesHint.x
      value: 0
      objectReference: {fileID: 0}
    - target: {fileID: 7535370453727613223, guid: 716d515a0ed320e4da941f9e0ced17f6,
        type: 3}
      propertyPath: m_LocalEulerAnglesHint.y
      value: 0
      objectReference: {fileID: 0}
    - target: {fileID: 7535370453727613223, guid: 716d515a0ed320e4da941f9e0ced17f6,
        type: 3}
      propertyPath: m_LocalEulerAnglesHint.z
      value: 0
      objectReference: {fileID: 0}
    - target: {fileID: 7535370454048300200, guid: 716d515a0ed320e4da941f9e0ced17f6,
        type: 3}
      propertyPath: m_Priority
      value: 50
      objectReference: {fileID: 0}
    - target: {fileID: 7535370454048300200, guid: 716d515a0ed320e4da941f9e0ced17f6,
        type: 3}
      propertyPath: m_LookAt
      value: 
      objectReference: {fileID: 1553102711}
    - target: {fileID: 7535370454048300200, guid: 716d515a0ed320e4da941f9e0ced17f6,
        type: 3}
      propertyPath: m_Lens.FieldOfView
      value: 76
      objectReference: {fileID: 0}
    - target: {fileID: 7535370454048300201, guid: 716d515a0ed320e4da941f9e0ced17f6,
        type: 3}
      propertyPath: m_LocalPosition.y
      value: 4.09
      objectReference: {fileID: 0}
    - target: {fileID: 7535370454048300201, guid: 716d515a0ed320e4da941f9e0ced17f6,
        type: 3}
      propertyPath: m_LocalPosition.x
      value: 2.25
      objectReference: {fileID: 0}
    - target: {fileID: 7535370454048300201, guid: 716d515a0ed320e4da941f9e0ced17f6,
        type: 3}
      propertyPath: m_LocalPosition.z
      value: -7.31
      objectReference: {fileID: 0}
    - target: {fileID: 7535370454048300201, guid: 716d515a0ed320e4da941f9e0ced17f6,
        type: 3}
      propertyPath: m_LocalRotation.x
      value: -0.11948755
      objectReference: {fileID: 0}
    - target: {fileID: 7535370454048300201, guid: 716d515a0ed320e4da941f9e0ced17f6,
        type: 3}
      propertyPath: m_LocalRotation.y
      value: -0.23188713
      objectReference: {fileID: 0}
    - target: {fileID: 7535370454048300201, guid: 716d515a0ed320e4da941f9e0ced17f6,
        type: 3}
      propertyPath: m_LocalRotation.z
      value: -0.028714085
      objectReference: {fileID: 0}
    - target: {fileID: 7535370454048300201, guid: 716d515a0ed320e4da941f9e0ced17f6,
        type: 3}
      propertyPath: m_LocalRotation.w
      value: 0.964949
      objectReference: {fileID: 0}
    - target: {fileID: 7535370454048300201, guid: 716d515a0ed320e4da941f9e0ced17f6,
        type: 3}
      propertyPath: m_LocalEulerAnglesHint.x
      value: -8.491
      objectReference: {fileID: 0}
    - target: {fileID: 7535370454048300201, guid: 716d515a0ed320e4da941f9e0ced17f6,
        type: 3}
      propertyPath: m_LocalEulerAnglesHint.y
      value: -11.902
      objectReference: {fileID: 0}
    m_RemovedComponents: []
  m_SourcePrefab: {fileID: 100100000, guid: 716d515a0ed320e4da941f9e0ced17f6, type: 3}
