%YAML 1.1
%TAG !u! tag:unity3d.com,2011:
--- !u!29 &1
OcclusionCullingSettings:
  m_ObjectHideFlags: 0
  serializedVersion: 2
  m_OcclusionBakeSettings:
    smallestOccluder: 5
    smallestHole: 0.25
    backfaceThreshold: 100
  m_SceneGUID: 00000000000000000000000000000000
  m_OcclusionCullingData: {fileID: 0}
--- !u!104 &2
RenderSettings:
  m_ObjectHideFlags: 0
  serializedVersion: 9
  m_Fog: 1
  m_FogColor: {r: 0.3803922, g: 0.2901961, b: 0.20392159, a: 1}
  m_FogMode: 1
  m_FogDensity: 0
  m_LinearFogStart: 0
  m_LinearFogEnd: 68.4
  m_AmbientSkyColor: {r: 0.06480328, g: 0.07227186, b: 0.06301003, a: 1}
  m_AmbientEquatorColor: {r: 0.29613832, g: 0.16202943, b: 0.07618539, a: 1}
  m_AmbientGroundColor: {r: 0.07036011, g: 0.07618539, b: 0.06480328, a: 1}
  m_AmbientIntensity: 1
  m_AmbientMode: 3
  m_SubtractiveShadowColor: {r: 0.42, g: 0.478, b: 0.627, a: 1}
  m_SkyboxMaterial: {fileID: 2100000, guid: e391f00234292cc4f935308c11cf0e54, type: 2}
  m_HaloStrength: 0.5
  m_FlareStrength: 1
  m_FlareFadeSpeed: 3
  m_HaloTexture: {fileID: 0}
  m_SpotCookie: {fileID: 10001, guid: 0000000000000000e000000000000000, type: 0}
  m_DefaultReflectionMode: 0
  m_DefaultReflectionResolution: 128
  m_ReflectionBounces: 1
  m_ReflectionIntensity: 1
  m_CustomReflection: {fileID: 0}
  m_Sun: {fileID: 705507994}
  m_IndirectSpecularColor: {r: 0, g: 0, b: 0, a: 1}
  m_UseRadianceAmbientProbe: 0
--- !u!157 &3
LightmapSettings:
  m_ObjectHideFlags: 0
  serializedVersion: 11
  m_GIWorkflowMode: 1
  m_GISettings:
    serializedVersion: 2
    m_BounceScale: 1
    m_IndirectOutputScale: 1
    m_AlbedoBoost: 1
    m_EnvironmentLightingMode: 0
    m_EnableBakedLightmaps: 1
    m_EnableRealtimeLightmaps: 0
  m_LightmapEditorSettings:
    serializedVersion: 12
    m_Resolution: 2
    m_BakeResolution: 40
    m_AtlasSize: 1024
    m_AO: 0
    m_AOMaxDistance: 1
    m_CompAOExponent: 1
    m_CompAOExponentDirect: 0
    m_ExtractAmbientOcclusion: 0
    m_Padding: 2
    m_LightmapParameters: {fileID: 0}
    m_LightmapsBakeMode: 1
    m_TextureCompression: 1
    m_FinalGather: 0
    m_FinalGatherFiltering: 1
    m_FinalGatherRayCount: 256
    m_ReflectionCompression: 2
    m_MixedBakeMode: 2
    m_BakeBackend: 1
    m_PVRSampling: 1
    m_PVRDirectSampleCount: 32
    m_PVRSampleCount: 500
    m_PVRBounces: 2
    m_PVREnvironmentSampleCount: 500
    m_PVREnvironmentReferencePointCount: 2048
    m_PVRFilteringMode: 2
    m_PVRDenoiserTypeDirect: 0
    m_PVRDenoiserTypeIndirect: 0
    m_PVRDenoiserTypeAO: 0
    m_PVRFilterTypeDirect: 0
    m_PVRFilterTypeIndirect: 0
    m_PVRFilterTypeAO: 0
    m_PVREnvironmentMIS: 0
    m_PVRCulling: 1
    m_PVRFilteringGaussRadiusDirect: 1
    m_PVRFilteringGaussRadiusIndirect: 5
    m_PVRFilteringGaussRadiusAO: 2
    m_PVRFilteringAtrousPositionSigmaDirect: 0.5
    m_PVRFilteringAtrousPositionSigmaIndirect: 2
    m_PVRFilteringAtrousPositionSigmaAO: 1
    m_ExportTrainingData: 0
    m_TrainingDataDestination: TrainingData
    m_LightProbeSampleCountMultiplier: 4
  m_LightingDataAsset: {fileID: 0}
  m_UseShadowmask: 1
--- !u!196 &4
NavMeshSettings:
  serializedVersion: 2
  m_ObjectHideFlags: 0
  m_BuildSettings:
    serializedVersion: 2
    agentTypeID: 0
    agentRadius: 0.5
    agentHeight: 2
    agentSlope: 45
    agentClimb: 0.4
    ledgeDropHeight: 0
    maxJumpAcrossDistance: 0
    minRegionArea: 2
    manualCellSize: 0
    cellSize: 0.16666667
    manualTileSize: 0
    tileSize: 256
    accuratePlacement: 0
    debug:
      m_Flags: 0
  m_NavMeshData: {fileID: 0}
--- !u!1001 &78004170
PrefabInstance:
  m_ObjectHideFlags: 0
  serializedVersion: 2
  m_Modification:
    m_TransformParent: {fileID: 0}
    m_Modifications:
    - target: {fileID: 3124993611110274595, guid: 4c638f71ddf3b6e4bb211c206195ac3f,
        type: 3}
      propertyPath: m_Name
      value: MovementController
      objectReference: {fileID: 0}
    - target: {fileID: 3124993611110274620, guid: 4c638f71ddf3b6e4bb211c206195ac3f,
        type: 3}
      propertyPath: Speed
      value: 25
      objectReference: {fileID: 0}
    - target: {fileID: 3124993611110274621, guid: 4c638f71ddf3b6e4bb211c206195ac3f,
        type: 3}
      propertyPath: m_LocalPosition.x
      value: 0.88
      objectReference: {fileID: 0}
    - target: {fileID: 3124993611110274621, guid: 4c638f71ddf3b6e4bb211c206195ac3f,
        type: 3}
      propertyPath: m_LocalPosition.y
      value: 9.57
      objectReference: {fileID: 0}
    - target: {fileID: 3124993611110274621, guid: 4c638f71ddf3b6e4bb211c206195ac3f,
        type: 3}
      propertyPath: m_LocalPosition.z
      value: -0.044
      objectReference: {fileID: 0}
    - target: {fileID: 3124993611110274621, guid: 4c638f71ddf3b6e4bb211c206195ac3f,
        type: 3}
      propertyPath: m_LocalRotation.x
      value: 0
      objectReference: {fileID: 0}
    - target: {fileID: 3124993611110274621, guid: 4c638f71ddf3b6e4bb211c206195ac3f,
        type: 3}
      propertyPath: m_LocalRotation.y
      value: 0
      objectReference: {fileID: 0}
    - target: {fileID: 3124993611110274621, guid: 4c638f71ddf3b6e4bb211c206195ac3f,
        type: 3}
      propertyPath: m_LocalRotation.z
      value: 0
      objectReference: {fileID: 0}
    - target: {fileID: 3124993611110274621, guid: 4c638f71ddf3b6e4bb211c206195ac3f,
        type: 3}
      propertyPath: m_LocalRotation.w
      value: 1
      objectReference: {fileID: 0}
    - target: {fileID: 3124993611110274621, guid: 4c638f71ddf3b6e4bb211c206195ac3f,
        type: 3}
      propertyPath: m_RootOrder
      value: 18
      objectReference: {fileID: 0}
    - target: {fileID: 3124993611110274621, guid: 4c638f71ddf3b6e4bb211c206195ac3f,
        type: 3}
      propertyPath: m_LocalEulerAnglesHint.x
      value: 0
      objectReference: {fileID: 0}
    - target: {fileID: 3124993611110274621, guid: 4c638f71ddf3b6e4bb211c206195ac3f,
        type: 3}
      propertyPath: m_LocalEulerAnglesHint.y
      value: 0
      objectReference: {fileID: 0}
    - target: {fileID: 3124993611110274621, guid: 4c638f71ddf3b6e4bb211c206195ac3f,
        type: 3}
      propertyPath: m_LocalEulerAnglesHint.z
      value: 0
      objectReference: {fileID: 0}
    m_RemovedComponents: []
  m_SourcePrefab: {fileID: 100100000, guid: 4c638f71ddf3b6e4bb211c206195ac3f, type: 3}
--- !u!1001 &124572753
PrefabInstance:
  m_ObjectHideFlags: 0
  serializedVersion: 2
  m_Modification:
    m_TransformParent: {fileID: 0}
    m_Modifications:
    - target: {fileID: 9217487332113540122, guid: e68f075664c80d84d86899ea77ef3c0b,
        type: 3}
      propertyPath: m_LocalPosition.x
      value: -0.8
      objectReference: {fileID: 0}
    - target: {fileID: 9217487332113540122, guid: e68f075664c80d84d86899ea77ef3c0b,
        type: 3}
      propertyPath: m_LocalPosition.y
      value: 3.24
      objectReference: {fileID: 0}
    - target: {fileID: 9217487332113540122, guid: e68f075664c80d84d86899ea77ef3c0b,
        type: 3}
      propertyPath: m_LocalPosition.z
      value: -0.01
      objectReference: {fileID: 0}
    - target: {fileID: 9217487332113540122, guid: e68f075664c80d84d86899ea77ef3c0b,
        type: 3}
      propertyPath: m_LocalRotation.x
      value: -0
      objectReference: {fileID: 0}
    - target: {fileID: 9217487332113540122, guid: e68f075664c80d84d86899ea77ef3c0b,
        type: 3}
      propertyPath: m_LocalRotation.y
      value: -0
      objectReference: {fileID: 0}
    - target: {fileID: 9217487332113540122, guid: e68f075664c80d84d86899ea77ef3c0b,
        type: 3}
      propertyPath: m_LocalRotation.z
      value: -0.59109366
      objectReference: {fileID: 0}
    - target: {fileID: 9217487332113540122, guid: e68f075664c80d84d86899ea77ef3c0b,
        type: 3}
      propertyPath: m_LocalRotation.w
      value: 0.80660295
      objectReference: {fileID: 0}
    - target: {fileID: 9217487332113540122, guid: e68f075664c80d84d86899ea77ef3c0b,
        type: 3}
      propertyPath: m_RootOrder
      value: 13
      objectReference: {fileID: 0}
    - target: {fileID: 9217487332113540122, guid: e68f075664c80d84d86899ea77ef3c0b,
        type: 3}
      propertyPath: m_LocalEulerAnglesHint.x
      value: 0
      objectReference: {fileID: 0}
    - target: {fileID: 9217487332113540122, guid: e68f075664c80d84d86899ea77ef3c0b,
        type: 3}
      propertyPath: m_LocalEulerAnglesHint.y
      value: 0
      objectReference: {fileID: 0}
    - target: {fileID: 9217487332113540122, guid: e68f075664c80d84d86899ea77ef3c0b,
        type: 3}
      propertyPath: m_LocalEulerAnglesHint.z
      value: -72.469
      objectReference: {fileID: 0}
    - target: {fileID: 9217487332113540122, guid: e68f075664c80d84d86899ea77ef3c0b,
        type: 3}
      propertyPath: m_LocalScale.x
      value: 0.50644
      objectReference: {fileID: 0}
    - target: {fileID: 9217487332113540122, guid: e68f075664c80d84d86899ea77ef3c0b,
        type: 3}
      propertyPath: m_LocalScale.y
      value: 0.50644
      objectReference: {fileID: 0}
    - target: {fileID: 9217487332113540122, guid: e68f075664c80d84d86899ea77ef3c0b,
        type: 3}
      propertyPath: m_LocalScale.z
      value: 0.50644
      objectReference: {fileID: 0}
    - target: {fileID: 9217487332113540124, guid: e68f075664c80d84d86899ea77ef3c0b,
        type: 3}
      propertyPath: m_Name
      value: Bowels
      objectReference: {fileID: 0}
    m_RemovedComponents: []
  m_SourcePrefab: {fileID: 100100000, guid: e68f075664c80d84d86899ea77ef3c0b, type: 3}
--- !u!4 &167735048 stripped
Transform:
  m_CorrespondingSourceObject: {fileID: 987179726166059094, guid: ab7ea9b1b8df8f9458e621c2c2c57a81,
    type: 3}
  m_PrefabInstance: {fileID: 1088473747}
  m_PrefabAsset: {fileID: 0}
--- !u!1 &236375373
GameObject:
  m_ObjectHideFlags: 0
  m_CorrespondingSourceObject: {fileID: 0}
  m_PrefabInstance: {fileID: 0}
  m_PrefabAsset: {fileID: 0}
  serializedVersion: 6
  m_Component:
  - component: {fileID: 236375374}
  - component: {fileID: 236375376}
  - component: {fileID: 236375375}
  - component: {fileID: 236375377}
  m_Layer: 5
  m_Name: TimeScoreCounter
  m_TagString: Untagged
  m_Icon: {fileID: 0}
  m_NavMeshLayer: 0
  m_StaticEditorFlags: 0
  m_IsActive: 1
--- !u!224 &236375374
RectTransform:
  m_ObjectHideFlags: 0
  m_CorrespondingSourceObject: {fileID: 0}
  m_PrefabInstance: {fileID: 0}
  m_PrefabAsset: {fileID: 0}
  m_GameObject: {fileID: 236375373}
  m_LocalRotation: {x: 0, y: 0, z: 0, w: 1}
  m_LocalPosition: {x: 0, y: 0, z: 0}
  m_LocalScale: {x: 1, y: 1, z: 1}
  m_Children: []
  m_Father: {fileID: 266875125}
  m_RootOrder: 5
  m_LocalEulerAnglesHint: {x: 0, y: 0, z: 0}
  m_AnchorMin: {x: 1, y: 1}
  m_AnchorMax: {x: 1, y: 1}
  m_AnchoredPosition: {x: -73, y: -89}
  m_SizeDelta: {x: 200, y: 50}
  m_Pivot: {x: 1, y: 1}
--- !u!114 &236375375
MonoBehaviour:
  m_ObjectHideFlags: 0
  m_CorrespondingSourceObject: {fileID: 0}
  m_PrefabInstance: {fileID: 0}
  m_PrefabAsset: {fileID: 0}
  m_GameObject: {fileID: 236375373}
  m_Enabled: 1
  m_EditorHideFlags: 0
  m_Script: {fileID: 11500000, guid: f4688fdb7df04437aeb418b961361dc5, type: 3}
  m_Name: 
  m_EditorClassIdentifier: 
  m_Material: {fileID: 0}
  m_Color: {r: 1, g: 1, b: 1, a: 1}
  m_RaycastTarget: 1
  m_OnCullStateChanged:
    m_PersistentCalls:
      m_Calls: []
  m_text: 42
  m_isRightToLeft: 0
  m_fontAsset: {fileID: 11400000, guid: 89d87049f586fdc4f8764797f1aa7795, type: 2}
  m_sharedMaterial: {fileID: -2615609403092372415, guid: 89d87049f586fdc4f8764797f1aa7795,
    type: 2}
  m_fontSharedMaterials: []
  m_fontMaterial: {fileID: 0}
  m_fontMaterials: []
  m_fontColor32:
    serializedVersion: 2
    rgba: 4278190335
  m_fontColor: {r: 1, g: 0, b: 0, a: 1}
  m_enableVertexGradient: 0
  m_colorMode: 3
  m_fontColorGradient:
    topLeft: {r: 1, g: 1, b: 1, a: 1}
    topRight: {r: 1, g: 1, b: 1, a: 1}
    bottomLeft: {r: 1, g: 1, b: 1, a: 1}
    bottomRight: {r: 1, g: 1, b: 1, a: 1}
  m_fontColorGradientPreset: {fileID: 0}
  m_spriteAsset: {fileID: 0}
  m_tintAllSprites: 0
  m_overrideHtmlColors: 0
  m_faceColor:
    serializedVersion: 2
    rgba: 4294967295
  m_outlineColor:
    serializedVersion: 2
    rgba: 4278190080
  m_fontSize: 149.99
  m_fontSizeBase: 149.99
  m_fontWeight: 400
  m_enableAutoSizing: 0
  m_fontSizeMin: 18
  m_fontSizeMax: 72
  m_fontStyle: 1
  m_textAlignment: 516
  m_characterSpacing: 0
  m_wordSpacing: 0
  m_lineSpacing: 0
  m_lineSpacingMax: 0
  m_paragraphSpacing: 0
  m_charWidthMaxAdj: 0
  m_enableWordWrapping: 1
  m_wordWrappingRatios: 0.4
  m_overflowMode: 0
  m_firstOverflowCharacterIndex: 0
  m_linkedTextComponent: {fileID: 0}
  m_isLinkedTextComponent: 0
  m_isTextTruncated: 0
  m_enableKerning: 1
  m_enableExtraPadding: 0
  checkPaddingRequired: 0
  m_isRichText: 1
  m_parseCtrlCharacters: 1
  m_isOrthographic: 1
  m_isCullingEnabled: 0
  m_ignoreRectMaskCulling: 0
  m_ignoreCulling: 1
  m_horizontalMapping: 0
  m_verticalMapping: 0
  m_uvLineOffset: 0
  m_geometrySortingOrder: 0
  m_VertexBufferAutoSizeReduction: 1
  m_firstVisibleCharacter: 0
  m_useMaxVisibleDescender: 1
  m_pageToDisplay: 1
  m_margin: {x: 0, y: 0, z: 0, w: 0}
  m_textInfo:
    textComponent: {fileID: 236375375}
    characterCount: 2
    spriteCount: 0
    spaceCount: 0
    wordCount: 1
    linkCount: 0
    lineCount: 1
    pageCount: 1
    materialCount: 1
  m_isUsingLegacyAnimationComponent: 0
  m_isVolumetricText: 0
  m_spriteAnimator: {fileID: 0}
  m_hasFontAssetChanged: 0
  m_subTextObjects:
  - {fileID: 0}
  - {fileID: 0}
  - {fileID: 0}
  - {fileID: 0}
  - {fileID: 0}
  - {fileID: 0}
  - {fileID: 0}
  - {fileID: 0}
  m_baseMaterial: {fileID: 0}
  m_maskOffset: {x: 0, y: 0, z: 0, w: 0}
--- !u!222 &236375376
CanvasRenderer:
  m_ObjectHideFlags: 0
  m_CorrespondingSourceObject: {fileID: 0}
  m_PrefabInstance: {fileID: 0}
  m_PrefabAsset: {fileID: 0}
  m_GameObject: {fileID: 236375373}
  m_CullTransparentMesh: 0
--- !u!114 &236375377
MonoBehaviour:
  m_ObjectHideFlags: 0
  m_CorrespondingSourceObject: {fileID: 0}
  m_PrefabInstance: {fileID: 0}
  m_PrefabAsset: {fileID: 0}
  m_GameObject: {fileID: 236375373}
  m_Enabled: 1
  m_EditorHideFlags: 0
  m_Script: {fileID: 11500000, guid: d7c1b6b0906a3924fbc5bc9672697a1d, type: 3}
  m_Name: 
  m_EditorClassIdentifier: 
--- !u!1 &242347254 stripped
GameObject:
  m_CorrespondingSourceObject: {fileID: 9217487332113540124, guid: e68f075664c80d84d86899ea77ef3c0b,
    type: 3}
  m_PrefabInstance: {fileID: 124572753}
  m_PrefabAsset: {fileID: 0}
--- !u!23 &242347255
MeshRenderer:
  m_ObjectHideFlags: 0
  m_CorrespondingSourceObject: {fileID: 0}
  m_PrefabInstance: {fileID: 0}
  m_PrefabAsset: {fileID: 0}
  m_GameObject: {fileID: 242347254}
  m_Enabled: 1
  m_CastShadows: 1
  m_ReceiveShadows: 1
  m_DynamicOccludee: 1
  m_MotionVectors: 1
  m_LightProbeUsage: 1
  m_ReflectionProbeUsage: 1
  m_RayTracingMode: 2
  m_RenderingLayerMask: 1
  m_RendererPriority: 0
  m_Materials:
  - {fileID: 2100000, guid: 28589a9ae40b4394fb2b128501ca7f1a, type: 2}
  m_StaticBatchInfo:
    firstSubMesh: 0
    subMeshCount: 0
  m_StaticBatchRoot: {fileID: 0}
  m_ProbeAnchor: {fileID: 0}
  m_LightProbeVolumeOverride: {fileID: 0}
  m_ScaleInLightmap: 1
  m_ReceiveGI: 1
  m_PreserveUVs: 0
  m_IgnoreNormalsForChartDetection: 0
  m_ImportantGI: 0
  m_StitchLightmapSeams: 1
  m_SelectedEditorRenderState: 3
  m_MinimumChartSize: 4
  m_AutoUVMaxDistance: 0.5
  m_AutoUVMaxAngle: 89
  m_LightmapParameters: {fileID: 0}
  m_SortingLayerID: 0
  m_SortingLayer: 0
  m_SortingOrder: 0
--- !u!33 &242347256
MeshFilter:
  m_ObjectHideFlags: 0
  m_CorrespondingSourceObject: {fileID: 0}
  m_PrefabInstance: {fileID: 0}
  m_PrefabAsset: {fileID: 0}
  m_GameObject: {fileID: 242347254}
  m_Mesh: {fileID: 10208, guid: 0000000000000000e000000000000000, type: 0}
--- !u!114 &242347257
MonoBehaviour:
  m_ObjectHideFlags: 0
  m_CorrespondingSourceObject: {fileID: 0}
  m_PrefabInstance: {fileID: 0}
  m_PrefabAsset: {fileID: 0}
  m_GameObject: {fileID: 242347254}
  m_Enabled: 1
  m_EditorHideFlags: 0
  m_Script: {fileID: 11500000, guid: 906b638d34e8f604fb9367cd05203556, type: 3}
  m_Name: 
  m_EditorClassIdentifier: 
  target: {fileID: 282842445}
  offset: {x: 0, y: -1.3, z: 0}
--- !u!224 &266875125 stripped
RectTransform:
  m_CorrespondingSourceObject: {fileID: 3664800060444007603, guid: ff32fb12865376a45a2a69d0766efea9,
    type: 3}
  m_PrefabInstance: {fileID: 3664800059384269844}
  m_PrefabAsset: {fileID: 0}
--- !u!1 &280259043 stripped
GameObject:
  m_CorrespondingSourceObject: {fileID: 279152016, guid: 9e7ef9d5a233a7049b5e29317a2f06ee,
    type: 3}
  m_PrefabInstance: {fileID: 1354034222}
  m_PrefabAsset: {fileID: 0}
--- !u!4 &282842445 stripped
Transform:
  m_CorrespondingSourceObject: {fileID: -4282450534780215109, guid: ab7ea9b1b8df8f9458e621c2c2c57a81,
    type: 3}
  m_PrefabInstance: {fileID: 1088473747}
  m_PrefabAsset: {fileID: 0}
--- !u!1001 &314640732
PrefabInstance:
  m_ObjectHideFlags: 0
  serializedVersion: 2
  m_Modification:
    m_TransformParent: {fileID: 0}
    m_Modifications:
    - target: {fileID: 5064659271407271305, guid: ee91f0407f26d634eaf9c37fc4fc8548,
        type: 3}
      propertyPath: m_Name
      value: Mouth
      objectReference: {fileID: 0}
    - target: {fileID: 5064659271407271310, guid: ee91f0407f26d634eaf9c37fc4fc8548,
        type: 3}
      propertyPath: m_LocalPosition.x
      value: 2.22
      objectReference: {fileID: 0}
    - target: {fileID: 5064659271407271310, guid: ee91f0407f26d634eaf9c37fc4fc8548,
        type: 3}
      propertyPath: m_LocalPosition.y
      value: 9.371
      objectReference: {fileID: 0}
    - target: {fileID: 5064659271407271310, guid: ee91f0407f26d634eaf9c37fc4fc8548,
        type: 3}
      propertyPath: m_LocalPosition.z
      value: -0.03
      objectReference: {fileID: 0}
    - target: {fileID: 5064659271407271310, guid: ee91f0407f26d634eaf9c37fc4fc8548,
        type: 3}
      propertyPath: m_LocalRotation.x
      value: 0
      objectReference: {fileID: 0}
    - target: {fileID: 5064659271407271310, guid: ee91f0407f26d634eaf9c37fc4fc8548,
        type: 3}
      propertyPath: m_LocalRotation.y
      value: 0
      objectReference: {fileID: 0}
    - target: {fileID: 5064659271407271310, guid: ee91f0407f26d634eaf9c37fc4fc8548,
        type: 3}
      propertyPath: m_LocalRotation.z
      value: 0
      objectReference: {fileID: 0}
    - target: {fileID: 5064659271407271310, guid: ee91f0407f26d634eaf9c37fc4fc8548,
        type: 3}
      propertyPath: m_LocalRotation.w
      value: 1
      objectReference: {fileID: 0}
    - target: {fileID: 5064659271407271310, guid: ee91f0407f26d634eaf9c37fc4fc8548,
        type: 3}
      propertyPath: m_RootOrder
      value: 14
      objectReference: {fileID: 0}
    - target: {fileID: 5064659271407271310, guid: ee91f0407f26d634eaf9c37fc4fc8548,
        type: 3}
      propertyPath: m_LocalEulerAnglesHint.x
      value: 0
      objectReference: {fileID: 0}
    - target: {fileID: 5064659271407271310, guid: ee91f0407f26d634eaf9c37fc4fc8548,
        type: 3}
      propertyPath: m_LocalEulerAnglesHint.y
      value: 0
      objectReference: {fileID: 0}
    - target: {fileID: 5064659271407271310, guid: ee91f0407f26d634eaf9c37fc4fc8548,
        type: 3}
      propertyPath: m_LocalEulerAnglesHint.z
      value: 0
      objectReference: {fileID: 0}
    m_RemovedComponents:
    - {fileID: 5064659271407271309, guid: ee91f0407f26d634eaf9c37fc4fc8548, type: 3}
    - {fileID: 5064659271407271308, guid: ee91f0407f26d634eaf9c37fc4fc8548, type: 3}
    - {fileID: 5064659271407271311, guid: ee91f0407f26d634eaf9c37fc4fc8548, type: 3}
  m_SourcePrefab: {fileID: 100100000, guid: ee91f0407f26d634eaf9c37fc4fc8548, type: 3}
--- !u!4 &328589614 stripped
Transform:
  m_CorrespondingSourceObject: {fileID: -2528721245372815691, guid: ab7ea9b1b8df8f9458e621c2c2c57a81,
    type: 3}
  m_PrefabInstance: {fileID: 1088473747}
  m_PrefabAsset: {fileID: 0}
--- !u!1001 &363595823
PrefabInstance:
  m_ObjectHideFlags: 0
  serializedVersion: 2
  m_Modification:
    m_TransformParent: {fileID: 0}
    m_Modifications:
    - target: {fileID: 6958321448183443368, guid: 54fa249558acf4b428061069b76b7d47,
        type: 3}
      propertyPath: m_Name
      value: DinoNeck
      objectReference: {fileID: 0}
    - target: {fileID: 6958321448183443373, guid: 54fa249558acf4b428061069b76b7d47,
        type: 3}
      propertyPath: m_LocalPosition.x
      value: 0.595
      objectReference: {fileID: 0}
    - target: {fileID: 6958321448183443373, guid: 54fa249558acf4b428061069b76b7d47,
        type: 3}
      propertyPath: m_LocalPosition.y
      value: 4.315
      objectReference: {fileID: 0}
    - target: {fileID: 6958321448183443373, guid: 54fa249558acf4b428061069b76b7d47,
        type: 3}
      propertyPath: m_LocalPosition.z
      value: -0.009999998
      objectReference: {fileID: 0}
    - target: {fileID: 6958321448183443373, guid: 54fa249558acf4b428061069b76b7d47,
        type: 3}
      propertyPath: m_LocalRotation.x
      value: 0
      objectReference: {fileID: 0}
    - target: {fileID: 6958321448183443373, guid: 54fa249558acf4b428061069b76b7d47,
        type: 3}
      propertyPath: m_LocalRotation.y
      value: 0
      objectReference: {fileID: 0}
    - target: {fileID: 6958321448183443373, guid: 54fa249558acf4b428061069b76b7d47,
        type: 3}
      propertyPath: m_LocalRotation.z
      value: 0
      objectReference: {fileID: 0}
    - target: {fileID: 6958321448183443373, guid: 54fa249558acf4b428061069b76b7d47,
        type: 3}
      propertyPath: m_LocalRotation.w
      value: 1
      objectReference: {fileID: 0}
    - target: {fileID: 6958321448183443373, guid: 54fa249558acf4b428061069b76b7d47,
        type: 3}
      propertyPath: m_RootOrder
      value: 15
      objectReference: {fileID: 0}
    - target: {fileID: 6958321448183443373, guid: 54fa249558acf4b428061069b76b7d47,
        type: 3}
      propertyPath: m_LocalEulerAnglesHint.x
      value: 0
      objectReference: {fileID: 0}
    - target: {fileID: 6958321448183443373, guid: 54fa249558acf4b428061069b76b7d47,
        type: 3}
      propertyPath: m_LocalEulerAnglesHint.y
      value: 0
      objectReference: {fileID: 0}
    - target: {fileID: 6958321448183443373, guid: 54fa249558acf4b428061069b76b7d47,
        type: 3}
      propertyPath: m_LocalEulerAnglesHint.z
      value: 0
      objectReference: {fileID: 0}
    m_RemovedComponents: []
  m_SourcePrefab: {fileID: 100100000, guid: 54fa249558acf4b428061069b76b7d47, type: 3}
--- !u!1 &557582536 stripped
GameObject:
  m_CorrespondingSourceObject: {fileID: 4152990211437378254, guid: a2b75f18e1c71ea4486b121b82d3d06d,
    type: 3}
  m_PrefabInstance: {fileID: 5542188333030306409}
  m_PrefabAsset: {fileID: 0}
--- !u!114 &557582537
MonoBehaviour:
  m_ObjectHideFlags: 0
  m_CorrespondingSourceObject: {fileID: 0}
  m_PrefabInstance: {fileID: 0}
  m_PrefabAsset: {fileID: 0}
  m_GameObject: {fileID: 557582536}
  m_Enabled: 1
  m_EditorHideFlags: 0
  m_Script: {fileID: 11500000, guid: 906b638d34e8f604fb9367cd05203556, type: 3}
  m_Name: 
  m_EditorClassIdentifier: 
  target: {fileID: 1353038236}
  offset: {x: 0.4, y: -1, z: 0}
--- !u!4 &557582544 stripped
Transform:
  m_CorrespondingSourceObject: {fileID: 4152990211437378255, guid: a2b75f18e1c71ea4486b121b82d3d06d,
    type: 3}
  m_PrefabInstance: {fileID: 5542188333030306409}
  m_PrefabAsset: {fileID: 0}
--- !u!108 &705507994 stripped
Light:
  m_CorrespondingSourceObject: {fileID: 705507994, guid: a4fafb82caa0d6440a13ab598a1f5865,
    type: 3}
  m_PrefabInstance: {fileID: 1147864593}
  m_PrefabAsset: {fileID: 0}
--- !u!1001 &706140154
PrefabInstance:
  m_ObjectHideFlags: 0
  serializedVersion: 2
  m_Modification:
    m_TransformParent: {fileID: 0}
    m_Modifications:
    - target: {fileID: 1119845060620014437, guid: cc590fe717e7df043aa3369fb794c513,
        type: 3}
      propertyPath: sprite
      value: 
      objectReference: {fileID: 21300000, guid: f954a4e2ee903e747ae56e4344e5af23,
        type: 3}
    - target: {fileID: 3693104822462023310, guid: cc590fe717e7df043aa3369fb794c513,
        type: 3}
      propertyPath: OnKeyPressed.m_PersistentCalls.m_Calls.Array.size
      value: 0
      objectReference: {fileID: 0}
    - target: {fileID: 3693104822462023310, guid: cc590fe717e7df043aa3369fb794c513,
        type: 3}
      propertyPath: KeyCode
      value: 115
      objectReference: {fileID: 0}
    - target: {fileID: 3693104822462023310, guid: cc590fe717e7df043aa3369fb794c513,
        type: 3}
      propertyPath: OnKeyPressed.m_PersistentCalls.m_Calls.Array.data[0].m_Mode
      value: 1
      objectReference: {fileID: 0}
    - target: {fileID: 3693104822462023310, guid: cc590fe717e7df043aa3369fb794c513,
        type: 3}
      propertyPath: OnKeyPressed.m_PersistentCalls.m_Calls.Array.data[0].m_CallState
      value: 2
      objectReference: {fileID: 0}
    - target: {fileID: 3693104822462023316, guid: cc590fe717e7df043aa3369fb794c513,
        type: 3}
      propertyPath: m_LocalPosition.x
      value: -0.02
      objectReference: {fileID: 0}
    - target: {fileID: 3693104822462023316, guid: cc590fe717e7df043aa3369fb794c513,
        type: 3}
      propertyPath: m_LocalPosition.y
      value: 4.05
      objectReference: {fileID: 0}
    - target: {fileID: 3693104822462023316, guid: cc590fe717e7df043aa3369fb794c513,
        type: 3}
      propertyPath: m_LocalPosition.z
      value: 0.04
      objectReference: {fileID: 0}
    - target: {fileID: 3693104822462023316, guid: cc590fe717e7df043aa3369fb794c513,
        type: 3}
      propertyPath: m_LocalRotation.x
      value: -0
      objectReference: {fileID: 0}
    - target: {fileID: 3693104822462023316, guid: cc590fe717e7df043aa3369fb794c513,
        type: 3}
      propertyPath: m_LocalRotation.y
      value: -0
      objectReference: {fileID: 0}
    - target: {fileID: 3693104822462023316, guid: cc590fe717e7df043aa3369fb794c513,
        type: 3}
      propertyPath: m_LocalRotation.z
      value: 0.032087732
      objectReference: {fileID: 0}
    - target: {fileID: 3693104822462023316, guid: cc590fe717e7df043aa3369fb794c513,
        type: 3}
      propertyPath: m_LocalRotation.w
      value: 0.9994851
      objectReference: {fileID: 0}
    - target: {fileID: 3693104822462023316, guid: cc590fe717e7df043aa3369fb794c513,
        type: 3}
      propertyPath: m_RootOrder
      value: 12
      objectReference: {fileID: 0}
    - target: {fileID: 3693104822462023316, guid: cc590fe717e7df043aa3369fb794c513,
        type: 3}
      propertyPath: m_LocalEulerAnglesHint.x
      value: 0
      objectReference: {fileID: 0}
    - target: {fileID: 3693104822462023316, guid: cc590fe717e7df043aa3369fb794c513,
        type: 3}
      propertyPath: m_LocalEulerAnglesHint.y
      value: 0
      objectReference: {fileID: 0}
    - target: {fileID: 3693104822462023316, guid: cc590fe717e7df043aa3369fb794c513,
        type: 3}
      propertyPath: m_LocalEulerAnglesHint.z
      value: 3.6780002
      objectReference: {fileID: 0}
    - target: {fileID: 3693104822462023316, guid: cc590fe717e7df043aa3369fb794c513,
        type: 3}
      propertyPath: m_LocalScale.x
      value: 0.64497703
      objectReference: {fileID: 0}
    - target: {fileID: 3693104822462023316, guid: cc590fe717e7df043aa3369fb794c513,
        type: 3}
      propertyPath: m_LocalScale.y
      value: 0.44008952
      objectReference: {fileID: 0}
    - target: {fileID: 3693104822462023316, guid: cc590fe717e7df043aa3369fb794c513,
        type: 3}
      propertyPath: m_LocalScale.z
      value: 0.30351
      objectReference: {fileID: 0}
    - target: {fileID: 3693104822462023317, guid: cc590fe717e7df043aa3369fb794c513,
        type: 3}
      propertyPath: m_Name
      value: Stomach
      objectReference: {fileID: 0}
    m_RemovedComponents: []
  m_SourcePrefab: {fileID: 100100000, guid: cc590fe717e7df043aa3369fb794c513, type: 3}
--- !u!1 &729481008
GameObject:
  m_ObjectHideFlags: 0
  m_CorrespondingSourceObject: {fileID: 0}
  m_PrefabInstance: {fileID: 0}
  m_PrefabAsset: {fileID: 0}
  serializedVersion: 6
  m_Component:
  - component: {fileID: 729481011}
  - component: {fileID: 729481010}
  - component: {fileID: 729481009}
  m_Layer: 8
  m_Name: Post-process Volume
  m_TagString: Untagged
  m_Icon: {fileID: 0}
  m_NavMeshLayer: 0
  m_StaticEditorFlags: 0
  m_IsActive: 1
--- !u!114 &729481009
MonoBehaviour:
  m_ObjectHideFlags: 0
  m_CorrespondingSourceObject: {fileID: 0}
  m_PrefabInstance: {fileID: 0}
  m_PrefabAsset: {fileID: 0}
  m_GameObject: {fileID: 729481008}
  m_Enabled: 1
  m_EditorHideFlags: 0
  m_Script: {fileID: 11500000, guid: 8b9a305e18de0c04dbd257a21cd47087, type: 3}
  m_Name: 
  m_EditorClassIdentifier: 
  sharedProfile: {fileID: 11400000, guid: 7bf116bad4ecfcf479313165708950c0, type: 2}
  isGlobal: 1
  blendDistance: 0
  weight: 1
  priority: 0
--- !u!65 &729481010
BoxCollider:
  m_ObjectHideFlags: 0
  m_CorrespondingSourceObject: {fileID: 0}
  m_PrefabInstance: {fileID: 0}
  m_PrefabAsset: {fileID: 0}
  m_GameObject: {fileID: 729481008}
  m_Material: {fileID: 0}
  m_IsTrigger: 1
  m_Enabled: 1
  serializedVersion: 2
  m_Size: {x: 1, y: 1, z: 1}
  m_Center: {x: 0, y: 0, z: 0}
--- !u!4 &729481011
Transform:
  m_ObjectHideFlags: 0
  m_CorrespondingSourceObject: {fileID: 0}
  m_PrefabInstance: {fileID: 0}
  m_PrefabAsset: {fileID: 0}
  m_GameObject: {fileID: 729481008}
  m_LocalRotation: {x: 0, y: 0, z: 0, w: 1}
  m_LocalPosition: {x: 0, y: 0, z: 0}
  m_LocalScale: {x: 1, y: 1, z: 1}
  m_Children: []
  m_Father: {fileID: 0}
  m_RootOrder: 19
  m_LocalEulerAnglesHint: {x: 0, y: 0, z: 0}
--- !u!1001 &859173341
PrefabInstance:
  m_ObjectHideFlags: 0
  serializedVersion: 2
  m_Modification:
    m_TransformParent: {fileID: 0}
    m_Modifications:
    - target: {fileID: 8413976193874448721, guid: be131f9c7bdc8054bb235e1490e88c12,
        type: 3}
      propertyPath: m_LocalPosition.x
      value: 0.97
      objectReference: {fileID: 0}
    - target: {fileID: 8413976193874448721, guid: be131f9c7bdc8054bb235e1490e88c12,
        type: 3}
      propertyPath: m_LocalPosition.y
      value: 6.62
      objectReference: {fileID: 0}
    - target: {fileID: 8413976193874448721, guid: be131f9c7bdc8054bb235e1490e88c12,
        type: 3}
      propertyPath: m_LocalPosition.z
      value: 0
      objectReference: {fileID: 0}
    - target: {fileID: 8413976193874448721, guid: be131f9c7bdc8054bb235e1490e88c12,
        type: 3}
      propertyPath: m_LocalRotation.x
      value: -0
      objectReference: {fileID: 0}
    - target: {fileID: 8413976193874448721, guid: be131f9c7bdc8054bb235e1490e88c12,
        type: 3}
      propertyPath: m_LocalRotation.y
      value: -0
      objectReference: {fileID: 0}
    - target: {fileID: 8413976193874448721, guid: be131f9c7bdc8054bb235e1490e88c12,
        type: 3}
      propertyPath: m_LocalRotation.z
      value: -0.06680495
      objectReference: {fileID: 0}
    - target: {fileID: 8413976193874448721, guid: be131f9c7bdc8054bb235e1490e88c12,
        type: 3}
      propertyPath: m_LocalRotation.w
      value: 0.9977661
      objectReference: {fileID: 0}
    - target: {fileID: 8413976193874448721, guid: be131f9c7bdc8054bb235e1490e88c12,
        type: 3}
      propertyPath: m_RootOrder
      value: 16
      objectReference: {fileID: 0}
    - target: {fileID: 8413976193874448721, guid: be131f9c7bdc8054bb235e1490e88c12,
        type: 3}
      propertyPath: m_LocalEulerAnglesHint.x
      value: 0
      objectReference: {fileID: 0}
    - target: {fileID: 8413976193874448721, guid: be131f9c7bdc8054bb235e1490e88c12,
        type: 3}
      propertyPath: m_LocalEulerAnglesHint.y
      value: 0
      objectReference: {fileID: 0}
    - target: {fileID: 8413976193874448721, guid: be131f9c7bdc8054bb235e1490e88c12,
        type: 3}
      propertyPath: m_LocalEulerAnglesHint.z
      value: -7.6610003
      objectReference: {fileID: 0}
    - target: {fileID: 8413976193874448726, guid: be131f9c7bdc8054bb235e1490e88c12,
        type: 3}
      propertyPath: m_Name
      value: Oesophagus
      objectReference: {fileID: 0}
    m_RemovedComponents: []
  m_SourcePrefab: {fileID: 100100000, guid: be131f9c7bdc8054bb235e1490e88c12, type: 3}
--- !u!1 &873059575 stripped
GameObject:
  m_CorrespondingSourceObject: {fileID: 3693104822462023317, guid: cc590fe717e7df043aa3369fb794c513,
    type: 3}
  m_PrefabInstance: {fileID: 706140154}
  m_PrefabAsset: {fileID: 0}
--- !u!114 &873059576
MonoBehaviour:
  m_ObjectHideFlags: 0
  m_CorrespondingSourceObject: {fileID: 0}
  m_PrefabInstance: {fileID: 0}
  m_PrefabAsset: {fileID: 0}
  m_GameObject: {fileID: 873059575}
  m_Enabled: 1
  m_EditorHideFlags: 0
  m_Script: {fileID: 11500000, guid: 906b638d34e8f604fb9367cd05203556, type: 3}
  m_Name: 
  m_EditorClassIdentifier: 
  target: {fileID: 328589614}
  offset: {x: 0.2, y: 0.15, z: 0}
--- !u!1001 &895239444
PrefabInstance:
  m_ObjectHideFlags: 0
  serializedVersion: 2
  m_Modification:
    m_TransformParent: {fileID: 0}
    m_Modifications:
    - target: {fileID: 108242236754312037, guid: 9b1198b4d15be644b86dee69739d2672,
        type: 3}
      propertyPath: m_LocalPosition.x
      value: 480.5
      objectReference: {fileID: 0}
    - target: {fileID: 108242236754312037, guid: 9b1198b4d15be644b86dee69739d2672,
        type: 3}
      propertyPath: m_LocalPosition.y
      value: 302.5
      objectReference: {fileID: 0}
    - target: {fileID: 108242236754312037, guid: 9b1198b4d15be644b86dee69739d2672,
        type: 3}
      propertyPath: m_LocalPosition.z
      value: 0
      objectReference: {fileID: 0}
    - target: {fileID: 108242236754312037, guid: 9b1198b4d15be644b86dee69739d2672,
        type: 3}
      propertyPath: m_LocalRotation.x
      value: 0
      objectReference: {fileID: 0}
    - target: {fileID: 108242236754312037, guid: 9b1198b4d15be644b86dee69739d2672,
        type: 3}
      propertyPath: m_LocalRotation.y
      value: 0
      objectReference: {fileID: 0}
    - target: {fileID: 108242236754312037, guid: 9b1198b4d15be644b86dee69739d2672,
        type: 3}
      propertyPath: m_LocalRotation.z
      value: 0
      objectReference: {fileID: 0}
    - target: {fileID: 108242236754312037, guid: 9b1198b4d15be644b86dee69739d2672,
        type: 3}
      propertyPath: m_LocalRotation.w
      value: 1
      objectReference: {fileID: 0}
    - target: {fileID: 108242236754312037, guid: 9b1198b4d15be644b86dee69739d2672,
        type: 3}
      propertyPath: m_RootOrder
      value: 24
      objectReference: {fileID: 0}
    - target: {fileID: 108242236754312037, guid: 9b1198b4d15be644b86dee69739d2672,
        type: 3}
      propertyPath: m_LocalEulerAnglesHint.x
      value: 0
      objectReference: {fileID: 0}
    - target: {fileID: 108242236754312037, guid: 9b1198b4d15be644b86dee69739d2672,
        type: 3}
      propertyPath: m_LocalEulerAnglesHint.y
      value: 0
      objectReference: {fileID: 0}
    - target: {fileID: 108242236754312037, guid: 9b1198b4d15be644b86dee69739d2672,
        type: 3}
      propertyPath: m_LocalEulerAnglesHint.z
      value: 0
      objectReference: {fileID: 0}
    - target: {fileID: 108242236754312039, guid: 9b1198b4d15be644b86dee69739d2672,
        type: 3}
      propertyPath: m_Name
      value: DeathController
      objectReference: {fileID: 0}
    m_RemovedComponents: []
  m_SourcePrefab: {fileID: 100100000, guid: 9b1198b4d15be644b86dee69739d2672, type: 3}
--- !u!4 &922269128 stripped
Transform:
  m_CorrespondingSourceObject: {fileID: 5414776253792712852, guid: ab7ea9b1b8df8f9458e621c2c2c57a81,
    type: 3}
  m_PrefabInstance: {fileID: 1088473747}
  m_PrefabAsset: {fileID: 0}
--- !u!1 &945547416
GameObject:
  m_ObjectHideFlags: 0
  m_CorrespondingSourceObject: {fileID: 0}
  m_PrefabInstance: {fileID: 0}
  m_PrefabAsset: {fileID: 0}
  serializedVersion: 6
  m_Component:
  - component: {fileID: 945547417}
  m_Layer: 0
  m_Name: essentials
  m_TagString: Untagged
  m_Icon: {fileID: 0}
  m_NavMeshLayer: 0
  m_StaticEditorFlags: 0
  m_IsActive: 1
--- !u!4 &945547417
Transform:
  m_ObjectHideFlags: 0
  m_CorrespondingSourceObject: {fileID: 0}
  m_PrefabInstance: {fileID: 0}
  m_PrefabAsset: {fileID: 0}
  m_GameObject: {fileID: 945547416}
  m_LocalRotation: {x: 0, y: 0, z: 0, w: 1}
  m_LocalPosition: {x: -9.578254, y: 17.239922, z: 0.7047558}
  m_LocalScale: {x: 1, y: 1, z: 1}
  m_Children:
  - {fileID: 963194228}
  m_Father: {fileID: 0}
  m_RootOrder: 0
  m_LocalEulerAnglesHint: {x: 0, y: 0, z: 0}
--- !u!1 &963194225
GameObject:
  m_ObjectHideFlags: 0
  m_CorrespondingSourceObject: {fileID: 0}
  m_PrefabInstance: {fileID: 0}
  m_PrefabAsset: {fileID: 0}
  serializedVersion: 6
  m_Component:
  - component: {fileID: 963194228}
  - component: {fileID: 963194227}
  - component: {fileID: 963194226}
  - component: {fileID: 963194229}
  - component: {fileID: 963194230}
  m_Layer: 0
  m_Name: Main Camera
  m_TagString: MainCamera
  m_Icon: {fileID: 0}
  m_NavMeshLayer: 0
  m_StaticEditorFlags: 0
  m_IsActive: 1
--- !u!81 &963194226
AudioListener:
  m_ObjectHideFlags: 0
  m_CorrespondingSourceObject: {fileID: 0}
  m_PrefabInstance: {fileID: 0}
  m_PrefabAsset: {fileID: 0}
  m_GameObject: {fileID: 963194225}
  m_Enabled: 1
--- !u!20 &963194227
Camera:
  m_ObjectHideFlags: 0
  m_CorrespondingSourceObject: {fileID: 0}
  m_PrefabInstance: {fileID: 0}
  m_PrefabAsset: {fileID: 0}
  m_GameObject: {fileID: 963194225}
  m_Enabled: 1
  serializedVersion: 2
  m_ClearFlags: 1
  m_BackGroundColor: {r: 0.124955505, g: 0.2264151, b: 0.22200382, a: 0}
  m_projectionMatrixMode: 1
  m_GateFitMode: 2
  m_FOVAxisMode: 0
  m_SensorSize: {x: 36, y: 24}
  m_LensShift: {x: 0, y: 0}
  m_FocalLength: 50
  m_NormalizedViewPortRect:
    serializedVersion: 2
    x: 0
    y: 0
    width: 1
    height: 1
  near clip plane: 0.1
  far clip plane: 5000
  field of view: 76
  orthographic: 0
  orthographic size: 5
  m_Depth: -1
  m_CullingMask:
    serializedVersion: 2
    m_Bits: 4294967295
  m_RenderingPath: -1
  m_TargetTexture: {fileID: 0}
  m_TargetDisplay: 0
  m_TargetEye: 3
  m_HDR: 1
  m_AllowMSAA: 1
  m_AllowDynamicResolution: 0
  m_ForceIntoRT: 0
  m_OcclusionCulling: 1
  m_StereoConvergence: 10
  m_StereoSeparation: 0.022
--- !u!4 &963194228
Transform:
  m_ObjectHideFlags: 0
  m_CorrespondingSourceObject: {fileID: 0}
  m_PrefabInstance: {fileID: 0}
  m_PrefabAsset: {fileID: 0}
  m_GameObject: {fileID: 963194225}
  m_LocalRotation: {x: -0.22078659, y: -0.28319392, z: -0.06716788, w: 0.93088293}
  m_LocalPosition: {x: 12.288254, y: -14.669922, z: -7.2847557}
  m_LocalScale: {x: 1, y: 1, z: 1}
  m_Children: []
  m_Father: {fileID: 945547417}
  m_RootOrder: 0
  m_LocalEulerAnglesHint: {x: 0, y: 0, z: 0}
--- !u!114 &963194229
MonoBehaviour:
  m_ObjectHideFlags: 0
  m_CorrespondingSourceObject: {fileID: 0}
  m_PrefabInstance: {fileID: 0}
  m_PrefabAsset: {fileID: 0}
  m_GameObject: {fileID: 963194225}
  m_Enabled: 1
  m_EditorHideFlags: 0
  m_Script: {fileID: 11500000, guid: 72ece51f2901e7445ab60da3685d6b5f, type: 3}
  m_Name: 
  m_EditorClassIdentifier: 
  m_ShowDebugText: 0
  m_ShowCameraFrustum: 1
  m_IgnoreTimeScale: 0
  m_WorldUpOverride: {fileID: 0}
  m_UpdateMethod: 2
  m_BlendUpdateMethod: 1
  m_DefaultBlend:
    m_Style: 1
    m_Time: 2
    m_CustomCurve:
      serializedVersion: 2
      m_Curve: []
      m_PreInfinity: 2
      m_PostInfinity: 2
      m_RotationOrder: 4
  m_CustomBlends: {fileID: 11400000, guid: ee5771210d7b35d42b55fba84a2c17a7, type: 2}
  m_CameraCutEvent:
    m_PersistentCalls:
      m_Calls: []
  m_CameraActivatedEvent:
    m_PersistentCalls:
      m_Calls: []
--- !u!114 &963194230
MonoBehaviour:
  m_ObjectHideFlags: 0
  m_CorrespondingSourceObject: {fileID: 0}
  m_PrefabInstance: {fileID: 0}
  m_PrefabAsset: {fileID: 0}
  m_GameObject: {fileID: 963194225}
  m_Enabled: 1
  m_EditorHideFlags: 0
  m_Script: {fileID: 11500000, guid: 948f4100a11a5c24981795d21301da5c, type: 3}
  m_Name: 
  m_EditorClassIdentifier: 
  volumeTrigger: {fileID: 963194228}
  volumeLayer:
    serializedVersion: 2
    m_Bits: 256
  stopNaNPropagation: 1
  finalBlitToCameraTarget: 0
  antialiasingMode: 1
  temporalAntialiasing:
    jitterSpread: 0.75
    sharpness: 0.25
    stationaryBlending: 0.95
    motionBlending: 0.85
  subpixelMorphologicalAntialiasing:
    quality: 2
  fastApproximateAntialiasing:
    fastMode: 1
    keepAlpha: 0
  fog:
    enabled: 1
    excludeSkybox: 1
  debugLayer:
    lightMeter:
      width: 512
      height: 256
      showCurves: 1
    histogram:
      width: 512
      height: 256
      channel: 3
    waveform:
      exposure: 0.12
      height: 256
    vectorscope:
      size: 256
      exposure: 0.12
    overlaySettings:
      linearDepth: 0
      motionColorIntensity: 4
      motionGridSize: 64
      colorBlindnessType: 0
      colorBlindnessStrength: 1
  m_Resources: {fileID: 11400000, guid: d82512f9c8e5d4a4d938b575d47f88d4, type: 2}
  m_ShowToolkit: 0
  m_ShowCustomSorter: 0
  breakBeforeColorGrading: 0
  m_BeforeTransparentBundles: []
  m_BeforeStackBundles: []
  m_AfterStackBundles: []
--- !u!1001 &1010004532
PrefabInstance:
  m_ObjectHideFlags: 0
  serializedVersion: 2
  m_Modification:
    m_TransformParent: {fileID: 0}
    m_Modifications:
    - target: {fileID: 7267824534973568012, guid: 2dbba8dd816c9eb4aaa0d744c8f58def,
        type: 3}
      propertyPath: m_Name
      value: FrontSpawners
      objectReference: {fileID: 0}
    - target: {fileID: 7267824534973568015, guid: 2dbba8dd816c9eb4aaa0d744c8f58def,
        type: 3}
      propertyPath: m_LocalPosition.x
      value: 450
      objectReference: {fileID: 0}
    - target: {fileID: 7267824534973568015, guid: 2dbba8dd816c9eb4aaa0d744c8f58def,
        type: 3}
      propertyPath: m_LocalPosition.y
      value: 0
      objectReference: {fileID: 0}
    - target: {fileID: 7267824534973568015, guid: 2dbba8dd816c9eb4aaa0d744c8f58def,
        type: 3}
      propertyPath: m_LocalPosition.z
      value: 0
      objectReference: {fileID: 0}
    - target: {fileID: 7267824534973568015, guid: 2dbba8dd816c9eb4aaa0d744c8f58def,
        type: 3}
      propertyPath: m_LocalRotation.x
      value: 0
      objectReference: {fileID: 0}
    - target: {fileID: 7267824534973568015, guid: 2dbba8dd816c9eb4aaa0d744c8f58def,
        type: 3}
      propertyPath: m_LocalRotation.y
      value: 0
      objectReference: {fileID: 0}
    - target: {fileID: 7267824534973568015, guid: 2dbba8dd816c9eb4aaa0d744c8f58def,
        type: 3}
      propertyPath: m_LocalRotation.z
      value: 0
      objectReference: {fileID: 0}
    - target: {fileID: 7267824534973568015, guid: 2dbba8dd816c9eb4aaa0d744c8f58def,
        type: 3}
      propertyPath: m_LocalRotation.w
      value: 1
      objectReference: {fileID: 0}
    - target: {fileID: 7267824534973568015, guid: 2dbba8dd816c9eb4aaa0d744c8f58def,
        type: 3}
      propertyPath: m_RootOrder
      value: 22
      objectReference: {fileID: 0}
    - target: {fileID: 7267824534973568015, guid: 2dbba8dd816c9eb4aaa0d744c8f58def,
        type: 3}
      propertyPath: m_LocalEulerAnglesHint.x
      value: 0
      objectReference: {fileID: 0}
    - target: {fileID: 7267824534973568015, guid: 2dbba8dd816c9eb4aaa0d744c8f58def,
        type: 3}
      propertyPath: m_LocalEulerAnglesHint.y
      value: 0
      objectReference: {fileID: 0}
    - target: {fileID: 7267824534973568015, guid: 2dbba8dd816c9eb4aaa0d744c8f58def,
        type: 3}
      propertyPath: m_LocalEulerAnglesHint.z
      value: 0
      objectReference: {fileID: 0}
    m_RemovedComponents: []
  m_SourcePrefab: {fileID: 100100000, guid: 2dbba8dd816c9eb4aaa0d744c8f58def, type: 3}
--- !u!1 &1022842714 stripped
GameObject:
  m_CorrespondingSourceObject: {fileID: 2393719208334718783, guid: 00289d4cd67356845aaae76f9047e2da,
    type: 3}
  m_PrefabInstance: {fileID: 2393719208700231643}
  m_PrefabAsset: {fileID: 0}
--- !u!114 &1022842715
MonoBehaviour:
  m_ObjectHideFlags: 0
  m_CorrespondingSourceObject: {fileID: 0}
  m_PrefabInstance: {fileID: 0}
  m_PrefabAsset: {fileID: 0}
  m_GameObject: {fileID: 1022842714}
  m_Enabled: 1
  m_EditorHideFlags: 0
  m_Script: {fileID: 11500000, guid: 906b638d34e8f604fb9367cd05203556, type: 3}
  m_Name: 
  m_EditorClassIdentifier: 
  target: {fileID: 1628935045}
  offset: {x: 0, y: 0, z: 0}
--- !u!1001 &1088473747
PrefabInstance:
  m_ObjectHideFlags: 0
  serializedVersion: 2
  m_Modification:
    m_TransformParent: {fileID: 0}
    m_Modifications:
    - target: {fileID: -6057140222963153312, guid: ab7ea9b1b8df8f9458e621c2c2c57a81,
        type: 3}
      propertyPath: m_Controller
      value: 
      objectReference: {fileID: 9100000, guid: 2bd0ea090b531054bb52d3492aafc1f8, type: 2}
    - target: {fileID: -4216859302048453862, guid: ab7ea9b1b8df8f9458e621c2c2c57a81,
        type: 3}
      propertyPath: m_LocalPosition.x
      value: 0
      objectReference: {fileID: 0}
    - target: {fileID: -4216859302048453862, guid: ab7ea9b1b8df8f9458e621c2c2c57a81,
        type: 3}
      propertyPath: m_LocalPosition.y
      value: 0
      objectReference: {fileID: 0}
    - target: {fileID: -4216859302048453862, guid: ab7ea9b1b8df8f9458e621c2c2c57a81,
        type: 3}
      propertyPath: m_LocalPosition.z
      value: 0
      objectReference: {fileID: 0}
    - target: {fileID: -4216859302048453862, guid: ab7ea9b1b8df8f9458e621c2c2c57a81,
        type: 3}
      propertyPath: m_LocalRotation.x
      value: 0
      objectReference: {fileID: 0}
    - target: {fileID: -4216859302048453862, guid: ab7ea9b1b8df8f9458e621c2c2c57a81,
        type: 3}
      propertyPath: m_LocalRotation.y
      value: 0.7071068
      objectReference: {fileID: 0}
    - target: {fileID: -4216859302048453862, guid: ab7ea9b1b8df8f9458e621c2c2c57a81,
        type: 3}
      propertyPath: m_LocalRotation.z
      value: 0
      objectReference: {fileID: 0}
    - target: {fileID: -4216859302048453862, guid: ab7ea9b1b8df8f9458e621c2c2c57a81,
        type: 3}
      propertyPath: m_LocalRotation.w
      value: 0.7071068
      objectReference: {fileID: 0}
    - target: {fileID: -4216859302048453862, guid: ab7ea9b1b8df8f9458e621c2c2c57a81,
        type: 3}
      propertyPath: m_RootOrder
      value: 7
      objectReference: {fileID: 0}
    - target: {fileID: -4216859302048453862, guid: ab7ea9b1b8df8f9458e621c2c2c57a81,
        type: 3}
      propertyPath: m_LocalEulerAnglesHint.x
      value: 0
      objectReference: {fileID: 0}
    - target: {fileID: -4216859302048453862, guid: ab7ea9b1b8df8f9458e621c2c2c57a81,
        type: 3}
      propertyPath: m_LocalEulerAnglesHint.y
      value: 90
      objectReference: {fileID: 0}
    - target: {fileID: -4216859302048453862, guid: ab7ea9b1b8df8f9458e621c2c2c57a81,
        type: 3}
      propertyPath: m_LocalEulerAnglesHint.z
      value: 0
      objectReference: {fileID: 0}
    - target: {fileID: -927199367670048503, guid: ab7ea9b1b8df8f9458e621c2c2c57a81,
        type: 3}
      propertyPath: m_Name
      value: SKM_Turbosaurus_00
      objectReference: {fileID: 0}
    m_RemovedComponents: []
  m_SourcePrefab: {fileID: 100100000, guid: ab7ea9b1b8df8f9458e621c2c2c57a81, type: 3}
--- !u!1001 &1102334681
PrefabInstance:
  m_ObjectHideFlags: 0
  serializedVersion: 2
  m_Modification:
    m_TransformParent: {fileID: 0}
    m_Modifications:
    - target: {fileID: 7307311023785820620, guid: d97e5ef3389fe2147af50f3465ff66fa,
        type: 3}
      propertyPath: m_Name
      value: BackSpawners
      objectReference: {fileID: 0}
    - target: {fileID: 7307311023785820621, guid: d97e5ef3389fe2147af50f3465ff66fa,
        type: 3}
      propertyPath: m_LocalPosition.x
      value: -206
      objectReference: {fileID: 0}
    - target: {fileID: 7307311023785820621, guid: d97e5ef3389fe2147af50f3465ff66fa,
        type: 3}
      propertyPath: m_LocalPosition.y
      value: 0
      objectReference: {fileID: 0}
    - target: {fileID: 7307311023785820621, guid: d97e5ef3389fe2147af50f3465ff66fa,
        type: 3}
      propertyPath: m_LocalPosition.z
      value: 4
      objectReference: {fileID: 0}
    - target: {fileID: 7307311023785820621, guid: d97e5ef3389fe2147af50f3465ff66fa,
        type: 3}
      propertyPath: m_LocalRotation.x
      value: 0
      objectReference: {fileID: 0}
    - target: {fileID: 7307311023785820621, guid: d97e5ef3389fe2147af50f3465ff66fa,
        type: 3}
      propertyPath: m_LocalRotation.y
      value: 0
      objectReference: {fileID: 0}
    - target: {fileID: 7307311023785820621, guid: d97e5ef3389fe2147af50f3465ff66fa,
        type: 3}
      propertyPath: m_LocalRotation.z
      value: 0
      objectReference: {fileID: 0}
    - target: {fileID: 7307311023785820621, guid: d97e5ef3389fe2147af50f3465ff66fa,
        type: 3}
      propertyPath: m_LocalRotation.w
      value: 1
      objectReference: {fileID: 0}
    - target: {fileID: 7307311023785820621, guid: d97e5ef3389fe2147af50f3465ff66fa,
        type: 3}
      propertyPath: m_RootOrder
      value: 21
      objectReference: {fileID: 0}
    - target: {fileID: 7307311023785820621, guid: d97e5ef3389fe2147af50f3465ff66fa,
        type: 3}
      propertyPath: m_LocalEulerAnglesHint.x
      value: 0
      objectReference: {fileID: 0}
    - target: {fileID: 7307311023785820621, guid: d97e5ef3389fe2147af50f3465ff66fa,
        type: 3}
      propertyPath: m_LocalEulerAnglesHint.y
      value: 0
      objectReference: {fileID: 0}
    - target: {fileID: 7307311023785820621, guid: d97e5ef3389fe2147af50f3465ff66fa,
        type: 3}
      propertyPath: m_LocalEulerAnglesHint.z
      value: 0
      objectReference: {fileID: 0}
    m_RemovedComponents: []
  m_SourcePrefab: {fileID: 100100000, guid: d97e5ef3389fe2147af50f3465ff66fa, type: 3}
--- !u!1001 &1147864593
PrefabInstance:
  m_ObjectHideFlags: 0
  serializedVersion: 2
  m_Modification:
    m_TransformParent: {fileID: 0}
    m_Modifications:
    - target: {fileID: 8987298931154373947, guid: a4fafb82caa0d6440a13ab598a1f5865,
        type: 3}
      propertyPath: m_Materials.Array.data[0]
      value: 
      objectReference: {fileID: 2100000, guid: 761b37e8eb5a222479a8d030f1df6074, type: 2}
    - target: {fileID: 8987298931254885904, guid: a4fafb82caa0d6440a13ab598a1f5865,
        type: 3}
      propertyPath: m_Name
      value: environment
      objectReference: {fileID: 0}
    - target: {fileID: 8987298931254885907, guid: a4fafb82caa0d6440a13ab598a1f5865,
        type: 3}
      propertyPath: m_LocalPosition.x
      value: 0
      objectReference: {fileID: 0}
    - target: {fileID: 8987298931254885907, guid: a4fafb82caa0d6440a13ab598a1f5865,
        type: 3}
      propertyPath: m_LocalPosition.y
      value: 0
      objectReference: {fileID: 0}
    - target: {fileID: 8987298931254885907, guid: a4fafb82caa0d6440a13ab598a1f5865,
        type: 3}
      propertyPath: m_LocalPosition.z
      value: 0
      objectReference: {fileID: 0}
    - target: {fileID: 8987298931254885907, guid: a4fafb82caa0d6440a13ab598a1f5865,
        type: 3}
      propertyPath: m_LocalRotation.x
      value: 0
      objectReference: {fileID: 0}
    - target: {fileID: 8987298931254885907, guid: a4fafb82caa0d6440a13ab598a1f5865,
        type: 3}
      propertyPath: m_LocalRotation.y
      value: 0
      objectReference: {fileID: 0}
    - target: {fileID: 8987298931254885907, guid: a4fafb82caa0d6440a13ab598a1f5865,
        type: 3}
      propertyPath: m_LocalRotation.z
      value: 0
      objectReference: {fileID: 0}
    - target: {fileID: 8987298931254885907, guid: a4fafb82caa0d6440a13ab598a1f5865,
        type: 3}
      propertyPath: m_LocalRotation.w
      value: 1
      objectReference: {fileID: 0}
    - target: {fileID: 8987298931254885907, guid: a4fafb82caa0d6440a13ab598a1f5865,
        type: 3}
      propertyPath: m_RootOrder
      value: 17
      objectReference: {fileID: 0}
    - target: {fileID: 8987298931254885907, guid: a4fafb82caa0d6440a13ab598a1f5865,
        type: 3}
      propertyPath: m_LocalEulerAnglesHint.x
      value: 0
      objectReference: {fileID: 0}
    - target: {fileID: 8987298931254885907, guid: a4fafb82caa0d6440a13ab598a1f5865,
        type: 3}
      propertyPath: m_LocalEulerAnglesHint.y
      value: 0
      objectReference: {fileID: 0}
    - target: {fileID: 8987298931254885907, guid: a4fafb82caa0d6440a13ab598a1f5865,
        type: 3}
      propertyPath: m_LocalEulerAnglesHint.z
      value: 0
      objectReference: {fileID: 0}
    m_RemovedComponents: []
  m_SourcePrefab: {fileID: 100100000, guid: a4fafb82caa0d6440a13ab598a1f5865, type: 3}
--- !u!1 &1280371203
GameObject:
  m_ObjectHideFlags: 0
  m_CorrespondingSourceObject: {fileID: 0}
  m_PrefabInstance: {fileID: 0}
  m_PrefabAsset: {fileID: 0}
  serializedVersion: 6
  m_Component:
  - component: {fileID: 1280371206}
  - component: {fileID: 1280371205}
  - component: {fileID: 1280371204}
  m_Layer: 0
  m_Name: EventSystem
  m_TagString: Untagged
  m_Icon: {fileID: 0}
  m_NavMeshLayer: 0
  m_StaticEditorFlags: 0
  m_IsActive: 1
--- !u!114 &1280371204
MonoBehaviour:
  m_ObjectHideFlags: 0
  m_CorrespondingSourceObject: {fileID: 0}
  m_PrefabInstance: {fileID: 0}
  m_PrefabAsset: {fileID: 0}
  m_GameObject: {fileID: 1280371203}
  m_Enabled: 1
  m_EditorHideFlags: 0
  m_Script: {fileID: 11500000, guid: 4f231c4fb786f3946a6b90b886c48677, type: 3}
  m_Name: 
  m_EditorClassIdentifier: 
  m_HorizontalAxis: Horizontal
  m_VerticalAxis: Vertical
  m_SubmitButton: Submit
  m_CancelButton: Cancel
  m_InputActionsPerSecond: 10
  m_RepeatDelay: 0.5
  m_ForceModuleActive: 0
--- !u!114 &1280371205
MonoBehaviour:
  m_ObjectHideFlags: 0
  m_CorrespondingSourceObject: {fileID: 0}
  m_PrefabInstance: {fileID: 0}
  m_PrefabAsset: {fileID: 0}
  m_GameObject: {fileID: 1280371203}
  m_Enabled: 1
  m_EditorHideFlags: 0
  m_Script: {fileID: 11500000, guid: 76c392e42b5098c458856cdf6ecaaaa1, type: 3}
  m_Name: 
  m_EditorClassIdentifier: 
  m_FirstSelected: {fileID: 0}
  m_sendNavigationEvents: 1
  m_DragThreshold: 10
--- !u!4 &1280371206
Transform:
  m_ObjectHideFlags: 0
  m_CorrespondingSourceObject: {fileID: 0}
  m_PrefabInstance: {fileID: 0}
  m_PrefabAsset: {fileID: 0}
  m_GameObject: {fileID: 1280371203}
  m_LocalRotation: {x: 0, y: 0, z: 0, w: 1}
  m_LocalPosition: {x: 0, y: 0, z: 0}
  m_LocalScale: {x: 1, y: 1, z: 1}
  m_Children: []
  m_Father: {fileID: 0}
  m_RootOrder: 4
  m_LocalEulerAnglesHint: {x: 0, y: 0, z: 0}
--- !u!4 &1353038236 stripped
Transform:
  m_CorrespondingSourceObject: {fileID: -1763644376251218778, guid: ab7ea9b1b8df8f9458e621c2c2c57a81,
    type: 3}
  m_PrefabInstance: {fileID: 1088473747}
  m_PrefabAsset: {fileID: 0}
--- !u!1001 &1354034222
PrefabInstance:
  m_ObjectHideFlags: 0
  serializedVersion: 2
  m_Modification:
    m_TransformParent: {fileID: 0}
    m_Modifications:
    - target: {fileID: 279152018, guid: 9e7ef9d5a233a7049b5e29317a2f06ee, type: 3}
      propertyPath: target
      value: 
      objectReference: {fileID: 6922471398071022409}
    - target: {fileID: 1041199018, guid: 9e7ef9d5a233a7049b5e29317a2f06ee, type: 3}
      propertyPath: m_Enabled
      value: 1
      objectReference: {fileID: 0}
    - target: {fileID: 1041199018, guid: 9e7ef9d5a233a7049b5e29317a2f06ee, type: 3}
      propertyPath: m_padding
      value: 0
      objectReference: {fileID: 0}
    - target: {fileID: 1410607741, guid: 9e7ef9d5a233a7049b5e29317a2f06ee, type: 3}
      propertyPath: m_textInfo.characterCount
      value: 0
      objectReference: {fileID: 0}
    - target: {fileID: 1410607741, guid: 9e7ef9d5a233a7049b5e29317a2f06ee, type: 3}
      propertyPath: m_textInfo.spaceCount
      value: 0
      objectReference: {fileID: 0}
    - target: {fileID: 1410607741, guid: 9e7ef9d5a233a7049b5e29317a2f06ee, type: 3}
      propertyPath: m_textInfo.wordCount
      value: 0
      objectReference: {fileID: 0}
    - target: {fileID: 1410607741, guid: 9e7ef9d5a233a7049b5e29317a2f06ee, type: 3}
      propertyPath: m_textInfo.lineCount
      value: 0
      objectReference: {fileID: 0}
    - target: {fileID: 1410607741, guid: 9e7ef9d5a233a7049b5e29317a2f06ee, type: 3}
      propertyPath: m_textInfo.pageCount
      value: 0
      objectReference: {fileID: 0}
    - target: {fileID: 741036174775550499, guid: 9e7ef9d5a233a7049b5e29317a2f06ee,
        type: 3}
      propertyPath: target
      value: 
      objectReference: {fileID: 1408413817}
    - target: {fileID: 741036175127256580, guid: 9e7ef9d5a233a7049b5e29317a2f06ee,
        type: 3}
      propertyPath: target
      value: 
      objectReference: {fileID: 557582544}
    - target: {fileID: 741036175617272330, guid: 9e7ef9d5a233a7049b5e29317a2f06ee,
        type: 3}
      propertyPath: m_Name
      value: Tutos
      objectReference: {fileID: 0}
    - target: {fileID: 741036175617272331, guid: 9e7ef9d5a233a7049b5e29317a2f06ee,
        type: 3}
      propertyPath: m_LocalPosition.x
      value: 4.33
      objectReference: {fileID: 0}
    - target: {fileID: 741036175617272331, guid: 9e7ef9d5a233a7049b5e29317a2f06ee,
        type: 3}
      propertyPath: m_LocalPosition.y
      value: 4.39
      objectReference: {fileID: 0}
    - target: {fileID: 741036175617272331, guid: 9e7ef9d5a233a7049b5e29317a2f06ee,
        type: 3}
      propertyPath: m_LocalPosition.z
      value: 1.42
      objectReference: {fileID: 0}
    - target: {fileID: 741036175617272331, guid: 9e7ef9d5a233a7049b5e29317a2f06ee,
        type: 3}
      propertyPath: m_LocalRotation.x
      value: 0
      objectReference: {fileID: 0}
    - target: {fileID: 741036175617272331, guid: 9e7ef9d5a233a7049b5e29317a2f06ee,
        type: 3}
      propertyPath: m_LocalRotation.y
      value: 0
      objectReference: {fileID: 0}
    - target: {fileID: 741036175617272331, guid: 9e7ef9d5a233a7049b5e29317a2f06ee,
        type: 3}
      propertyPath: m_LocalRotation.z
      value: 0
      objectReference: {fileID: 0}
    - target: {fileID: 741036175617272331, guid: 9e7ef9d5a233a7049b5e29317a2f06ee,
        type: 3}
      propertyPath: m_LocalRotation.w
      value: 1
      objectReference: {fileID: 0}
    - target: {fileID: 741036175617272331, guid: 9e7ef9d5a233a7049b5e29317a2f06ee,
        type: 3}
      propertyPath: m_RootOrder
      value: 20
      objectReference: {fileID: 0}
    - target: {fileID: 741036175617272331, guid: 9e7ef9d5a233a7049b5e29317a2f06ee,
        type: 3}
      propertyPath: m_LocalEulerAnglesHint.x
      value: 0
      objectReference: {fileID: 0}
    - target: {fileID: 741036175617272331, guid: 9e7ef9d5a233a7049b5e29317a2f06ee,
        type: 3}
      propertyPath: m_LocalEulerAnglesHint.y
      value: 0
      objectReference: {fileID: 0}
    - target: {fileID: 741036175617272331, guid: 9e7ef9d5a233a7049b5e29317a2f06ee,
        type: 3}
      propertyPath: m_LocalEulerAnglesHint.z
      value: 0
      objectReference: {fileID: 0}
    - target: {fileID: 741036175653139256, guid: 9e7ef9d5a233a7049b5e29317a2f06ee,
        type: 3}
      propertyPath: m_textInfo.characterCount
      value: 0
      objectReference: {fileID: 0}
    - target: {fileID: 741036175653139256, guid: 9e7ef9d5a233a7049b5e29317a2f06ee,
        type: 3}
      propertyPath: m_textInfo.spaceCount
      value: 0
      objectReference: {fileID: 0}
    - target: {fileID: 741036175653139256, guid: 9e7ef9d5a233a7049b5e29317a2f06ee,
        type: 3}
      propertyPath: m_textInfo.wordCount
      value: 0
      objectReference: {fileID: 0}
    - target: {fileID: 741036175653139256, guid: 9e7ef9d5a233a7049b5e29317a2f06ee,
        type: 3}
      propertyPath: m_textInfo.lineCount
      value: 0
      objectReference: {fileID: 0}
    - target: {fileID: 741036175653139256, guid: 9e7ef9d5a233a7049b5e29317a2f06ee,
        type: 3}
      propertyPath: m_textInfo.pageCount
      value: 0
      objectReference: {fileID: 0}
    - target: {fileID: 741036175955032639, guid: 9e7ef9d5a233a7049b5e29317a2f06ee,
        type: 3}
      propertyPath: m_textInfo.characterCount
      value: 0
      objectReference: {fileID: 0}
    - target: {fileID: 741036175955032639, guid: 9e7ef9d5a233a7049b5e29317a2f06ee,
        type: 3}
      propertyPath: m_textInfo.spaceCount
      value: 0
      objectReference: {fileID: 0}
    - target: {fileID: 741036175955032639, guid: 9e7ef9d5a233a7049b5e29317a2f06ee,
        type: 3}
      propertyPath: m_textInfo.wordCount
      value: 0
      objectReference: {fileID: 0}
    - target: {fileID: 741036175955032639, guid: 9e7ef9d5a233a7049b5e29317a2f06ee,
        type: 3}
      propertyPath: m_textInfo.lineCount
      value: 0
      objectReference: {fileID: 0}
    - target: {fileID: 741036175955032639, guid: 9e7ef9d5a233a7049b5e29317a2f06ee,
        type: 3}
      propertyPath: m_textInfo.pageCount
      value: 0
      objectReference: {fileID: 0}
    - target: {fileID: 741036176443470346, guid: 9e7ef9d5a233a7049b5e29317a2f06ee,
        type: 3}
      propertyPath: m_textInfo.characterCount
      value: 0
      objectReference: {fileID: 0}
    - target: {fileID: 741036176443470346, guid: 9e7ef9d5a233a7049b5e29317a2f06ee,
        type: 3}
      propertyPath: m_textInfo.spaceCount
      value: 0
      objectReference: {fileID: 0}
    - target: {fileID: 741036176443470346, guid: 9e7ef9d5a233a7049b5e29317a2f06ee,
        type: 3}
      propertyPath: m_textInfo.wordCount
      value: 0
      objectReference: {fileID: 0}
    - target: {fileID: 741036176443470346, guid: 9e7ef9d5a233a7049b5e29317a2f06ee,
        type: 3}
      propertyPath: m_textInfo.lineCount
      value: 0
      objectReference: {fileID: 0}
    - target: {fileID: 741036176443470346, guid: 9e7ef9d5a233a7049b5e29317a2f06ee,
        type: 3}
      propertyPath: m_textInfo.pageCount
      value: 0
      objectReference: {fileID: 0}
    - target: {fileID: 2264934084115591465, guid: 9e7ef9d5a233a7049b5e29317a2f06ee,
        type: 3}
      propertyPath: target
      value: 
      objectReference: {fileID: 1951687499}
    m_RemovedComponents: []
  m_SourcePrefab: {fileID: 100100000, guid: 9e7ef9d5a233a7049b5e29317a2f06ee, type: 3}
--- !u!1 &1354034223 stripped
GameObject:
  m_CorrespondingSourceObject: {fileID: 741036174775550498, guid: 9e7ef9d5a233a7049b5e29317a2f06ee,
    type: 3}
  m_PrefabInstance: {fileID: 1354034222}
  m_PrefabAsset: {fileID: 0}
--- !u!1 &1354034224 stripped
GameObject:
  m_CorrespondingSourceObject: {fileID: 741036175127256583, guid: 9e7ef9d5a233a7049b5e29317a2f06ee,
    type: 3}
  m_PrefabInstance: {fileID: 1354034222}
  m_PrefabAsset: {fileID: 0}
--- !u!1 &1354034225 stripped
GameObject:
  m_CorrespondingSourceObject: {fileID: 2264934084115591464, guid: 9e7ef9d5a233a7049b5e29317a2f06ee,
    type: 3}
  m_PrefabInstance: {fileID: 1354034222}
  m_PrefabAsset: {fileID: 0}
--- !u!1 &1408413812 stripped
GameObject:
  m_CorrespondingSourceObject: {fileID: 5064659271407271305, guid: ee91f0407f26d634eaf9c37fc4fc8548,
    type: 3}
  m_PrefabInstance: {fileID: 314640732}
  m_PrefabAsset: {fileID: 0}
--- !u!114 &1408413813
MonoBehaviour:
  m_ObjectHideFlags: 0
  m_CorrespondingSourceObject: {fileID: 0}
  m_PrefabInstance: {fileID: 0}
  m_PrefabAsset: {fileID: 0}
  m_GameObject: {fileID: 1408413812}
  m_Enabled: 1
  m_EditorHideFlags: 0
  m_Script: {fileID: 11500000, guid: 906b638d34e8f604fb9367cd05203556, type: 3}
  m_Name: 
  m_EditorClassIdentifier: 
  target: {fileID: 1628935045}
  offset: {x: 1, y: 0, z: 0}
--- !u!114 &1408413816
MonoBehaviour:
  m_ObjectHideFlags: 0
  m_CorrespondingSourceObject: {fileID: 0}
  m_PrefabInstance: {fileID: 0}
  m_PrefabAsset: {fileID: 0}
  m_GameObject: {fileID: 1408413812}
  m_Enabled: 1
  m_EditorHideFlags: 0
  m_Script: {fileID: 11500000, guid: f5146a901240d1f42a42c6da704201b8, type: 3}
  m_Name: 
  m_EditorClassIdentifier: 
  Opening: 0
--- !u!4 &1408413817 stripped
Transform:
  m_CorrespondingSourceObject: {fileID: 5064659271407271310, guid: ee91f0407f26d634eaf9c37fc4fc8548,
    type: 3}
  m_PrefabInstance: {fileID: 314640732}
  m_PrefabAsset: {fileID: 0}
--- !u!1001 &1426871492
PrefabInstance:
  m_ObjectHideFlags: 0
  serializedVersion: 2
  m_Modification:
    m_TransformParent: {fileID: 0}
    m_Modifications:
    - target: {fileID: 8035658139872672696, guid: 9daf8fd483e55ca489724ae4ae33ae29,
        type: 3}
      propertyPath: m_Name
      value: Heart
      objectReference: {fileID: 0}
    - target: {fileID: 8035658139872672697, guid: 9daf8fd483e55ca489724ae4ae33ae29,
        type: 3}
      propertyPath: m_LocalPosition.x
      value: 1.1
      objectReference: {fileID: 0}
    - target: {fileID: 8035658139872672697, guid: 9daf8fd483e55ca489724ae4ae33ae29,
        type: 3}
      propertyPath: m_LocalPosition.y
      value: 4.23
      objectReference: {fileID: 0}
    - target: {fileID: 8035658139872672697, guid: 9daf8fd483e55ca489724ae4ae33ae29,
        type: 3}
      propertyPath: m_LocalPosition.z
      value: 0.08
      objectReference: {fileID: 0}
    - target: {fileID: 8035658139872672697, guid: 9daf8fd483e55ca489724ae4ae33ae29,
        type: 3}
      propertyPath: m_LocalRotation.x
      value: 0
      objectReference: {fileID: 0}
    - target: {fileID: 8035658139872672697, guid: 9daf8fd483e55ca489724ae4ae33ae29,
        type: 3}
      propertyPath: m_LocalRotation.y
      value: 0
      objectReference: {fileID: 0}
    - target: {fileID: 8035658139872672697, guid: 9daf8fd483e55ca489724ae4ae33ae29,
        type: 3}
      propertyPath: m_LocalRotation.z
      value: 0
      objectReference: {fileID: 0}
    - target: {fileID: 8035658139872672697, guid: 9daf8fd483e55ca489724ae4ae33ae29,
        type: 3}
      propertyPath: m_LocalRotation.w
      value: 1
      objectReference: {fileID: 0}
    - target: {fileID: 8035658139872672697, guid: 9daf8fd483e55ca489724ae4ae33ae29,
        type: 3}
      propertyPath: m_RootOrder
      value: 9
      objectReference: {fileID: 0}
    - target: {fileID: 8035658139872672697, guid: 9daf8fd483e55ca489724ae4ae33ae29,
        type: 3}
      propertyPath: m_LocalEulerAnglesHint.x
      value: 0
      objectReference: {fileID: 0}
    - target: {fileID: 8035658139872672697, guid: 9daf8fd483e55ca489724ae4ae33ae29,
        type: 3}
      propertyPath: m_LocalEulerAnglesHint.y
      value: 0
      objectReference: {fileID: 0}
    - target: {fileID: 8035658139872672697, guid: 9daf8fd483e55ca489724ae4ae33ae29,
        type: 3}
      propertyPath: m_LocalEulerAnglesHint.z
      value: 0
      objectReference: {fileID: 0}
    - target: {fileID: 8035658139872672697, guid: 9daf8fd483e55ca489724ae4ae33ae29,
        type: 3}
      propertyPath: m_LocalScale.x
      value: 0.6
      objectReference: {fileID: 0}
    - target: {fileID: 8035658139872672697, guid: 9daf8fd483e55ca489724ae4ae33ae29,
        type: 3}
      propertyPath: m_LocalScale.y
      value: 0.6
      objectReference: {fileID: 0}
    - target: {fileID: 8035658139872672697, guid: 9daf8fd483e55ca489724ae4ae33ae29,
        type: 3}
      propertyPath: m_LocalScale.z
      value: 0.6
      objectReference: {fileID: 0}
    m_RemovedComponents: []
  m_SourcePrefab: {fileID: 100100000, guid: 9daf8fd483e55ca489724ae4ae33ae29, type: 3}
--- !u!4 &1553102711 stripped
Transform:
  m_CorrespondingSourceObject: {fileID: 8383323639891834337, guid: ab7ea9b1b8df8f9458e621c2c2c57a81,
    type: 3}
  m_PrefabInstance: {fileID: 1088473747}
  m_PrefabAsset: {fileID: 0}
--- !u!4 &1628935045 stripped
Transform:
  m_CorrespondingSourceObject: {fileID: 491420202483827291, guid: ab7ea9b1b8df8f9458e621c2c2c57a81,
    type: 3}
  m_PrefabInstance: {fileID: 1088473747}
  m_PrefabAsset: {fileID: 0}
--- !u!1 &1736683283 stripped
GameObject:
  m_CorrespondingSourceObject: {fileID: -927199367670048503, guid: ab7ea9b1b8df8f9458e621c2c2c57a81,
    type: 3}
  m_PrefabInstance: {fileID: 1088473747}
  m_PrefabAsset: {fileID: 0}
--- !u!114 &1736683286
MonoBehaviour:
  m_ObjectHideFlags: 0
  m_CorrespondingSourceObject: {fileID: 0}
  m_PrefabInstance: {fileID: 0}
  m_PrefabAsset: {fileID: 0}
  m_GameObject: {fileID: 1736683283}
  m_Enabled: 1
  m_EditorHideFlags: 0
  m_Script: {fileID: 11500000, guid: a8836feb894bd17468f496b322a243e6, type: 3}
  m_Name: 
  m_EditorClassIdentifier: 
--- !u!1 &1822367840 stripped
GameObject:
  m_CorrespondingSourceObject: {fileID: 1822367840, guid: ff32fb12865376a45a2a69d0766efea9,
    type: 3}
  m_PrefabInstance: {fileID: 3664800059384269844}
  m_PrefabAsset: {fileID: 0}
--- !u!1 &1951687491 stripped
GameObject:
  m_CorrespondingSourceObject: {fileID: 8035658139872672696, guid: 9daf8fd483e55ca489724ae4ae33ae29,
    type: 3}
  m_PrefabInstance: {fileID: 1426871492}
  m_PrefabAsset: {fileID: 0}
--- !u!114 &1951687492
MonoBehaviour:
  m_ObjectHideFlags: 0
  m_CorrespondingSourceObject: {fileID: 0}
  m_PrefabInstance: {fileID: 0}
  m_PrefabAsset: {fileID: 0}
  m_GameObject: {fileID: 1951687491}
  m_Enabled: 1
  m_EditorHideFlags: 0
  m_Script: {fileID: 11500000, guid: 906b638d34e8f604fb9367cd05203556, type: 3}
  m_Name: 
  m_EditorClassIdentifier: 
  target: {fileID: 1353038236}
  offset: {x: 0.7, y: 0.25, z: 0}
--- !u!4 &1951687499 stripped
Transform:
  m_CorrespondingSourceObject: {fileID: 8035658139872672697, guid: 9daf8fd483e55ca489724ae4ae33ae29,
    type: 3}
  m_PrefabInstance: {fileID: 1426871492}
  m_PrefabAsset: {fileID: 0}
--- !u!1 &2086961635 stripped
GameObject:
  m_CorrespondingSourceObject: {fileID: 6958321448183443368, guid: 54fa249558acf4b428061069b76b7d47,
    type: 3}
  m_PrefabInstance: {fileID: 363595823}
  m_PrefabAsset: {fileID: 0}
--- !u!114 &2086961639
MonoBehaviour:
  m_ObjectHideFlags: 0
  m_CorrespondingSourceObject: {fileID: 0}
  m_PrefabInstance: {fileID: 0}
  m_PrefabAsset: {fileID: 0}
  m_GameObject: {fileID: 2086961635}
  m_Enabled: 1
  m_EditorHideFlags: 0
  m_Script: {fileID: 11500000, guid: a4e7470c7b473b343a187717e34282d0, type: 3}
  m_Name: 
  m_EditorClassIdentifier: 
--- !u!114 &2086961640
MonoBehaviour:
  m_ObjectHideFlags: 0
  m_CorrespondingSourceObject: {fileID: 0}
  m_PrefabInstance: {fileID: 0}
  m_PrefabAsset: {fileID: 0}
  m_GameObject: {fileID: 2086961635}
  m_Enabled: 1
  m_EditorHideFlags: 0
  m_Script: {fileID: 11500000, guid: 906b638d34e8f604fb9367cd05203556, type: 3}
  m_Name: 
  m_EditorClassIdentifier: 
  target: {fileID: 922269128}
  offset: {x: 0, y: 0, z: 0}
--- !u!1001 &2393719208700231643
PrefabInstance:
  m_ObjectHideFlags: 0
  serializedVersion: 2
  m_Modification:
    m_TransformParent: {fileID: 0}
    m_Modifications:
    - target: {fileID: 2393719208334718781, guid: 00289d4cd67356845aaae76f9047e2da,
        type: 3}
      propertyPath: m_LocalPosition.x
      value: 1.39
      objectReference: {fileID: 0}
    - target: {fileID: 2393719208334718781, guid: 00289d4cd67356845aaae76f9047e2da,
        type: 3}
      propertyPath: m_LocalPosition.y
      value: 9.95
      objectReference: {fileID: 0}
    - target: {fileID: 2393719208334718781, guid: 00289d4cd67356845aaae76f9047e2da,
        type: 3}
      propertyPath: m_LocalPosition.z
      value: 0.04
      objectReference: {fileID: 0}
    - target: {fileID: 2393719208334718781, guid: 00289d4cd67356845aaae76f9047e2da,
        type: 3}
      propertyPath: m_LocalRotation.x
      value: 0
      objectReference: {fileID: 0}
    - target: {fileID: 2393719208334718781, guid: 00289d4cd67356845aaae76f9047e2da,
        type: 3}
      propertyPath: m_LocalRotation.y
      value: 0
      objectReference: {fileID: 0}
    - target: {fileID: 2393719208334718781, guid: 00289d4cd67356845aaae76f9047e2da,
        type: 3}
      propertyPath: m_LocalRotation.z
      value: 0
      objectReference: {fileID: 0}
    - target: {fileID: 2393719208334718781, guid: 00289d4cd67356845aaae76f9047e2da,
        type: 3}
      propertyPath: m_LocalRotation.w
      value: 1
      objectReference: {fileID: 0}
    - target: {fileID: 2393719208334718781, guid: 00289d4cd67356845aaae76f9047e2da,
        type: 3}
      propertyPath: m_RootOrder
      value: 11
      objectReference: {fileID: 0}
    - target: {fileID: 2393719208334718781, guid: 00289d4cd67356845aaae76f9047e2da,
        type: 3}
      propertyPath: m_LocalEulerAnglesHint.x
      value: 0
      objectReference: {fileID: 0}
    - target: {fileID: 2393719208334718781, guid: 00289d4cd67356845aaae76f9047e2da,
        type: 3}
      propertyPath: m_LocalEulerAnglesHint.y
      value: 0
      objectReference: {fileID: 0}
    - target: {fileID: 2393719208334718781, guid: 00289d4cd67356845aaae76f9047e2da,
        type: 3}
      propertyPath: m_LocalEulerAnglesHint.z
      value: 0
      objectReference: {fileID: 0}
    - target: {fileID: 2393719208334718783, guid: 00289d4cd67356845aaae76f9047e2da,
        type: 3}
      propertyPath: m_Name
      value: Eyes
      objectReference: {fileID: 0}
    m_RemovedComponents: []
  m_SourcePrefab: {fileID: 100100000, guid: 00289d4cd67356845aaae76f9047e2da, type: 3}
--- !u!1001 &3664800059384269844
PrefabInstance:
  m_ObjectHideFlags: 0
  serializedVersion: 2
  m_Modification:
    m_TransformParent: {fileID: 0}
    m_Modifications:
    - target: {fileID: 681857231, guid: ff32fb12865376a45a2a69d0766efea9, type: 3}
      propertyPath: tutoHeart.Array.data[0]
      value: 
      objectReference: {fileID: 1354034225}
    - target: {fileID: 681857231, guid: ff32fb12865376a45a2a69d0766efea9, type: 3}
      propertyPath: tutoLungs.Array.data[0]
      value: 
      objectReference: {fileID: 1354034224}
    - target: {fileID: 681857231, guid: ff32fb12865376a45a2a69d0766efea9, type: 3}
      propertyPath: tutoLungs.Array.data[1]
      value: 
      objectReference: {fileID: 280259043}
    - target: {fileID: 681857231, guid: ff32fb12865376a45a2a69d0766efea9, type: 3}
      propertyPath: tutoMouth.Array.data[0]
      value: 
      objectReference: {fileID: 1354034223}
    - target: {fileID: 3664800060444007603, guid: ff32fb12865376a45a2a69d0766efea9,
        type: 3}
      propertyPath: m_LocalPosition.x
      value: 0
      objectReference: {fileID: 0}
    - target: {fileID: 3664800060444007603, guid: ff32fb12865376a45a2a69d0766efea9,
        type: 3}
      propertyPath: m_LocalPosition.y
      value: 0
      objectReference: {fileID: 0}
    - target: {fileID: 3664800060444007603, guid: ff32fb12865376a45a2a69d0766efea9,
        type: 3}
      propertyPath: m_LocalPosition.z
      value: 0
      objectReference: {fileID: 0}
    - target: {fileID: 3664800060444007603, guid: ff32fb12865376a45a2a69d0766efea9,
        type: 3}
      propertyPath: m_LocalRotation.x
      value: 0
      objectReference: {fileID: 0}
    - target: {fileID: 3664800060444007603, guid: ff32fb12865376a45a2a69d0766efea9,
        type: 3}
      propertyPath: m_LocalRotation.y
      value: 0
      objectReference: {fileID: 0}
    - target: {fileID: 3664800060444007603, guid: ff32fb12865376a45a2a69d0766efea9,
        type: 3}
      propertyPath: m_LocalRotation.z
      value: 0
      objectReference: {fileID: 0}
    - target: {fileID: 3664800060444007603, guid: ff32fb12865376a45a2a69d0766efea9,
        type: 3}
      propertyPath: m_LocalRotation.w
      value: 1
      objectReference: {fileID: 0}
    - target: {fileID: 3664800060444007603, guid: ff32fb12865376a45a2a69d0766efea9,
        type: 3}
      propertyPath: m_RootOrder
      value: 6
      objectReference: {fileID: 0}
    - target: {fileID: 3664800060444007603, guid: ff32fb12865376a45a2a69d0766efea9,
        type: 3}
      propertyPath: m_LocalEulerAnglesHint.x
      value: 0
      objectReference: {fileID: 0}
    - target: {fileID: 3664800060444007603, guid: ff32fb12865376a45a2a69d0766efea9,
        type: 3}
      propertyPath: m_LocalEulerAnglesHint.y
      value: 0
      objectReference: {fileID: 0}
    - target: {fileID: 3664800060444007603, guid: ff32fb12865376a45a2a69d0766efea9,
        type: 3}
      propertyPath: m_LocalEulerAnglesHint.z
      value: 0
      objectReference: {fileID: 0}
    - target: {fileID: 3664800060444007603, guid: ff32fb12865376a45a2a69d0766efea9,
        type: 3}
      propertyPath: m_AnchoredPosition.x
      value: 0
      objectReference: {fileID: 0}
    - target: {fileID: 3664800060444007603, guid: ff32fb12865376a45a2a69d0766efea9,
        type: 3}
      propertyPath: m_AnchoredPosition.y
      value: 0
      objectReference: {fileID: 0}
    - target: {fileID: 3664800060444007603, guid: ff32fb12865376a45a2a69d0766efea9,
        type: 3}
      propertyPath: m_SizeDelta.x
      value: 0
      objectReference: {fileID: 0}
    - target: {fileID: 3664800060444007603, guid: ff32fb12865376a45a2a69d0766efea9,
        type: 3}
      propertyPath: m_SizeDelta.y
      value: 0
      objectReference: {fileID: 0}
    - target: {fileID: 3664800060444007603, guid: ff32fb12865376a45a2a69d0766efea9,
        type: 3}
      propertyPath: m_AnchorMin.x
      value: 0
      objectReference: {fileID: 0}
    - target: {fileID: 3664800060444007603, guid: ff32fb12865376a45a2a69d0766efea9,
        type: 3}
      propertyPath: m_AnchorMin.y
      value: 0
      objectReference: {fileID: 0}
    - target: {fileID: 3664800060444007603, guid: ff32fb12865376a45a2a69d0766efea9,
        type: 3}
      propertyPath: m_AnchorMax.x
      value: 0
      objectReference: {fileID: 0}
    - target: {fileID: 3664800060444007603, guid: ff32fb12865376a45a2a69d0766efea9,
        type: 3}
      propertyPath: m_AnchorMax.y
      value: 0
      objectReference: {fileID: 0}
    - target: {fileID: 3664800060444007603, guid: ff32fb12865376a45a2a69d0766efea9,
        type: 3}
      propertyPath: m_Pivot.x
      value: 0
      objectReference: {fileID: 0}
    - target: {fileID: 3664800060444007603, guid: ff32fb12865376a45a2a69d0766efea9,
        type: 3}
      propertyPath: m_Pivot.y
      value: 0
      objectReference: {fileID: 0}
    - target: {fileID: 3664800060444007607, guid: ff32fb12865376a45a2a69d0766efea9,
        type: 3}
      propertyPath: m_Name
      value: ScreenCanvas
      objectReference: {fileID: 0}
    m_RemovedComponents: []
  m_SourcePrefab: {fileID: 100100000, guid: ff32fb12865376a45a2a69d0766efea9, type: 3}
--- !u!1001 &3853970025164770788
PrefabInstance:
  m_ObjectHideFlags: 0
  serializedVersion: 2
  m_Modification:
    m_TransformParent: {fileID: 0}
    m_Modifications:
    - target: {fileID: 3853970025561836306, guid: 38b6ef6886eb4034d9ce690de8d040c7,
        type: 3}
      propertyPath: m_LocalPosition.x
      value: -12.12
      objectReference: {fileID: 0}
    - target: {fileID: 3853970025561836306, guid: 38b6ef6886eb4034d9ce690de8d040c7,
        type: 3}
      propertyPath: m_LocalPosition.y
      value: 7.5025
      objectReference: {fileID: 0}
    - target: {fileID: 3853970025561836306, guid: 38b6ef6886eb4034d9ce690de8d040c7,
        type: 3}
      propertyPath: m_LocalPosition.z
      value: 1.5
      objectReference: {fileID: 0}
    - target: {fileID: 3853970025561836306, guid: 38b6ef6886eb4034d9ce690de8d040c7,
        type: 3}
      propertyPath: m_LocalRotation.x
      value: 0
      objectReference: {fileID: 0}
    - target: {fileID: 3853970025561836306, guid: 38b6ef6886eb4034d9ce690de8d040c7,
        type: 3}
      propertyPath: m_LocalRotation.y
      value: 0
      objectReference: {fileID: 0}
    - target: {fileID: 3853970025561836306, guid: 38b6ef6886eb4034d9ce690de8d040c7,
        type: 3}
      propertyPath: m_LocalRotation.z
      value: 0
      objectReference: {fileID: 0}
    - target: {fileID: 3853970025561836306, guid: 38b6ef6886eb4034d9ce690de8d040c7,
        type: 3}
      propertyPath: m_LocalRotation.w
      value: 1
      objectReference: {fileID: 0}
    - target: {fileID: 3853970025561836306, guid: 38b6ef6886eb4034d9ce690de8d040c7,
        type: 3}
      propertyPath: m_RootOrder
      value: 2
      objectReference: {fileID: 0}
    - target: {fileID: 3853970025561836306, guid: 38b6ef6886eb4034d9ce690de8d040c7,
        type: 3}
      propertyPath: m_LocalEulerAnglesHint.x
      value: 0
      objectReference: {fileID: 0}
    - target: {fileID: 3853970025561836306, guid: 38b6ef6886eb4034d9ce690de8d040c7,
        type: 3}
      propertyPath: m_LocalEulerAnglesHint.y
      value: 0
      objectReference: {fileID: 0}
    - target: {fileID: 3853970025561836306, guid: 38b6ef6886eb4034d9ce690de8d040c7,
        type: 3}
      propertyPath: m_LocalEulerAnglesHint.z
      value: 0
      objectReference: {fileID: 0}
    - target: {fileID: 3853970025561836310, guid: 38b6ef6886eb4034d9ce690de8d040c7,
        type: 3}
      propertyPath: m_Name
      value: body
      objectReference: {fileID: 0}
    - target: {fileID: 3853970025561836310, guid: 38b6ef6886eb4034d9ce690de8d040c7,
        type: 3}
      propertyPath: m_IsActive
      value: 0
      objectReference: {fileID: 0}
    m_RemovedComponents: []
  m_SourcePrefab: {fileID: 100100000, guid: 38b6ef6886eb4034d9ce690de8d040c7, type: 3}
--- !u!1001 &4096815710447164733
PrefabInstance:
  m_ObjectHideFlags: 0
  serializedVersion: 2
  m_Modification:
    m_TransformParent: {fileID: 0}
    m_Modifications:
    - target: {fileID: 2429146561567676790, guid: 6dee7822aa7f3c24992dd476f17bb5ac,
        type: 3}
      propertyPath: m_Name
      value: TimeScore
      objectReference: {fileID: 0}
    - target: {fileID: 3246590861602264695, guid: 6dee7822aa7f3c24992dd476f17bb5ac,
        type: 3}
      propertyPath: m_LocalPosition.x
      value: 523.5211
      objectReference: {fileID: 0}
    - target: {fileID: 3246590861602264695, guid: 6dee7822aa7f3c24992dd476f17bb5ac,
        type: 3}
      propertyPath: m_LocalPosition.y
      value: 836.6794
      objectReference: {fileID: 0}
    - target: {fileID: 3246590861602264695, guid: 6dee7822aa7f3c24992dd476f17bb5ac,
        type: 3}
      propertyPath: m_LocalPosition.z
      value: 0
      objectReference: {fileID: 0}
    - target: {fileID: 3246590861602264695, guid: 6dee7822aa7f3c24992dd476f17bb5ac,
        type: 3}
      propertyPath: m_LocalRotation.x
      value: 0
      objectReference: {fileID: 0}
    - target: {fileID: 3246590861602264695, guid: 6dee7822aa7f3c24992dd476f17bb5ac,
        type: 3}
      propertyPath: m_LocalRotation.y
      value: 0
      objectReference: {fileID: 0}
    - target: {fileID: 3246590861602264695, guid: 6dee7822aa7f3c24992dd476f17bb5ac,
        type: 3}
      propertyPath: m_LocalRotation.z
      value: 0
      objectReference: {fileID: 0}
    - target: {fileID: 3246590861602264695, guid: 6dee7822aa7f3c24992dd476f17bb5ac,
        type: 3}
      propertyPath: m_LocalRotation.w
      value: 1
      objectReference: {fileID: 0}
    - target: {fileID: 3246590861602264695, guid: 6dee7822aa7f3c24992dd476f17bb5ac,
        type: 3}
      propertyPath: m_RootOrder
      value: 23
      objectReference: {fileID: 0}
    - target: {fileID: 3246590861602264695, guid: 6dee7822aa7f3c24992dd476f17bb5ac,
        type: 3}
      propertyPath: m_LocalEulerAnglesHint.x
      value: 0
      objectReference: {fileID: 0}
    - target: {fileID: 3246590861602264695, guid: 6dee7822aa7f3c24992dd476f17bb5ac,
        type: 3}
      propertyPath: m_LocalEulerAnglesHint.y
      value: 0
      objectReference: {fileID: 0}
    - target: {fileID: 3246590861602264695, guid: 6dee7822aa7f3c24992dd476f17bb5ac,
        type: 3}
      propertyPath: m_LocalEulerAnglesHint.z
      value: 0
      objectReference: {fileID: 0}
    - target: {fileID: 7894149786070880841, guid: 6dee7822aa7f3c24992dd476f17bb5ac,
        type: 3}
      propertyPath: counter
      value: 
      objectReference: {fileID: 236375377}
    m_RemovedComponents: []
  m_SourcePrefab: {fileID: 100100000, guid: 6dee7822aa7f3c24992dd476f17bb5ac, type: 3}
--- !u!1001 &4517463421024668510
PrefabInstance:
  m_ObjectHideFlags: 0
  serializedVersion: 2
  m_Modification:
    m_TransformParent: {fileID: 0}
    m_Modifications:
    - target: {fileID: 4517463419927412805, guid: 04ec8af8fc1b9a04390e5684eeea9d2f,
        type: 3}
      propertyPath: m_LocalPosition.x
      value: -8.267681
      objectReference: {fileID: 0}
    - target: {fileID: 4517463419927412805, guid: 04ec8af8fc1b9a04390e5684eeea9d2f,
        type: 3}
      propertyPath: m_LocalPosition.y
      value: 14.3677845
      objectReference: {fileID: 0}
    - target: {fileID: 4517463419927412805, guid: 04ec8af8fc1b9a04390e5684eeea9d2f,
        type: 3}
      propertyPath: m_LocalPosition.z
      value: -5.613091
      objectReference: {fileID: 0}
    - target: {fileID: 4517463419927412805, guid: 04ec8af8fc1b9a04390e5684eeea9d2f,
        type: 3}
      propertyPath: m_LocalRotation.x
      value: 0
      objectReference: {fileID: 0}
    - target: {fileID: 4517463419927412805, guid: 04ec8af8fc1b9a04390e5684eeea9d2f,
        type: 3}
      propertyPath: m_LocalRotation.y
      value: 0
      objectReference: {fileID: 0}
    - target: {fileID: 4517463419927412805, guid: 04ec8af8fc1b9a04390e5684eeea9d2f,
        type: 3}
      propertyPath: m_LocalRotation.z
      value: 0
      objectReference: {fileID: 0}
    - target: {fileID: 4517463419927412805, guid: 04ec8af8fc1b9a04390e5684eeea9d2f,
        type: 3}
      propertyPath: m_LocalRotation.w
      value: 1
      objectReference: {fileID: 0}
    - target: {fileID: 4517463419927412805, guid: 04ec8af8fc1b9a04390e5684eeea9d2f,
        type: 3}
      propertyPath: m_RootOrder
      value: 5
      objectReference: {fileID: 0}
    - target: {fileID: 4517463419927412805, guid: 04ec8af8fc1b9a04390e5684eeea9d2f,
        type: 3}
      propertyPath: m_LocalEulerAnglesHint.x
      value: 0
      objectReference: {fileID: 0}
    - target: {fileID: 4517463419927412805, guid: 04ec8af8fc1b9a04390e5684eeea9d2f,
        type: 3}
      propertyPath: m_LocalEulerAnglesHint.y
      value: 0
      objectReference: {fileID: 0}
    - target: {fileID: 4517463419927412805, guid: 04ec8af8fc1b9a04390e5684eeea9d2f,
        type: 3}
      propertyPath: m_LocalEulerAnglesHint.z
      value: 0
      objectReference: {fileID: 0}
    - target: {fileID: 4517463419927412807, guid: 04ec8af8fc1b9a04390e5684eeea9d2f,
        type: 3}
      propertyPath: m_Name
      value: UIManager
      objectReference: {fileID: 0}
    m_RemovedComponents: []
  m_SourcePrefab: {fileID: 100100000, guid: 04ec8af8fc1b9a04390e5684eeea9d2f, type: 3}
--- !u!1001 &5542188333030306409
PrefabInstance:
  m_ObjectHideFlags: 0
  serializedVersion: 2
  m_Modification:
    m_TransformParent: {fileID: 0}
    m_Modifications:
    - target: {fileID: 3637019287706806129, guid: a2b75f18e1c71ea4486b121b82d3d06d,
        type: 3}
      propertyPath: KeyCode
      value: 108
      objectReference: {fileID: 0}
    - target: {fileID: 4152990211437378254, guid: a2b75f18e1c71ea4486b121b82d3d06d,
        type: 3}
      propertyPath: m_Name
      value: Lungs
      objectReference: {fileID: 0}
    - target: {fileID: 4152990211437378255, guid: a2b75f18e1c71ea4486b121b82d3d06d,
        type: 3}
      propertyPath: m_LocalPosition.x
      value: 0.72
      objectReference: {fileID: 0}
    - target: {fileID: 4152990211437378255, guid: a2b75f18e1c71ea4486b121b82d3d06d,
        type: 3}
      propertyPath: m_LocalPosition.y
      value: 3.11
      objectReference: {fileID: 0}
    - target: {fileID: 4152990211437378255, guid: a2b75f18e1c71ea4486b121b82d3d06d,
        type: 3}
      propertyPath: m_LocalPosition.z
      value: 0.043
      objectReference: {fileID: 0}
    - target: {fileID: 4152990211437378255, guid: a2b75f18e1c71ea4486b121b82d3d06d,
        type: 3}
      propertyPath: m_LocalRotation.x
      value: -0
      objectReference: {fileID: 0}
    - target: {fileID: 4152990211437378255, guid: a2b75f18e1c71ea4486b121b82d3d06d,
        type: 3}
      propertyPath: m_LocalRotation.y
      value: -0
      objectReference: {fileID: 0}
    - target: {fileID: 4152990211437378255, guid: a2b75f18e1c71ea4486b121b82d3d06d,
        type: 3}
      propertyPath: m_LocalRotation.z
      value: -0.42509043
      objectReference: {fileID: 0}
    - target: {fileID: 4152990211437378255, guid: a2b75f18e1c71ea4486b121b82d3d06d,
        type: 3}
      propertyPath: m_LocalRotation.w
      value: 0.9051509
      objectReference: {fileID: 0}
    - target: {fileID: 4152990211437378255, guid: a2b75f18e1c71ea4486b121b82d3d06d,
        type: 3}
      propertyPath: m_RootOrder
      value: 10
      objectReference: {fileID: 0}
    - target: {fileID: 4152990211437378255, guid: a2b75f18e1c71ea4486b121b82d3d06d,
        type: 3}
      propertyPath: m_LocalEulerAnglesHint.x
      value: 0
      objectReference: {fileID: 0}
    - target: {fileID: 4152990211437378255, guid: a2b75f18e1c71ea4486b121b82d3d06d,
        type: 3}
      propertyPath: m_LocalEulerAnglesHint.y
      value: 0
      objectReference: {fileID: 0}
    - target: {fileID: 4152990211437378255, guid: a2b75f18e1c71ea4486b121b82d3d06d,
        type: 3}
      propertyPath: m_LocalEulerAnglesHint.z
      value: -50.313004
      objectReference: {fileID: 0}
    - target: {fileID: 4152990211437378255, guid: a2b75f18e1c71ea4486b121b82d3d06d,
        type: 3}
      propertyPath: m_LocalScale.x
      value: 0.5
      objectReference: {fileID: 0}
    m_RemovedComponents: []
  m_SourcePrefab: {fileID: 100100000, guid: a2b75f18e1c71ea4486b121b82d3d06d, type: 3}
--- !u!1001 &6438800303441485545
PrefabInstance:
  m_ObjectHideFlags: 0
  serializedVersion: 2
  m_Modification:
    m_TransformParent: {fileID: 0}
    m_Modifications:
    - target: {fileID: 6438800304537601282, guid: a6db99c85f5bff44c9c214dec9318349,
        type: 3}
      propertyPath: m_Name
      value: SoundManager
      objectReference: {fileID: 0}
    - target: {fileID: 6438800304537601284, guid: a6db99c85f5bff44c9c214dec9318349,
        type: 3}
      propertyPath: m_LocalPosition.x
      value: 0.72
      objectReference: {fileID: 0}
    - target: {fileID: 6438800304537601284, guid: a6db99c85f5bff44c9c214dec9318349,
        type: 3}
      propertyPath: m_LocalPosition.y
      value: 3.61
      objectReference: {fileID: 0}
    - target: {fileID: 6438800304537601284, guid: a6db99c85f5bff44c9c214dec9318349,
        type: 3}
      propertyPath: m_LocalPosition.z
      value: -0.957
      objectReference: {fileID: 0}
    - target: {fileID: 6438800304537601284, guid: a6db99c85f5bff44c9c214dec9318349,
        type: 3}
      propertyPath: m_LocalRotation.x
      value: 0
      objectReference: {fileID: 0}
    - target: {fileID: 6438800304537601284, guid: a6db99c85f5bff44c9c214dec9318349,
        type: 3}
      propertyPath: m_LocalRotation.y
      value: 0
      objectReference: {fileID: 0}
    - target: {fileID: 6438800304537601284, guid: a6db99c85f5bff44c9c214dec9318349,
        type: 3}
      propertyPath: m_LocalRotation.z
      value: 0
      objectReference: {fileID: 0}
    - target: {fileID: 6438800304537601284, guid: a6db99c85f5bff44c9c214dec9318349,
        type: 3}
      propertyPath: m_LocalRotation.w
      value: 1
      objectReference: {fileID: 0}
    - target: {fileID: 6438800304537601284, guid: a6db99c85f5bff44c9c214dec9318349,
        type: 3}
      propertyPath: m_RootOrder
      value: 1
      objectReference: {fileID: 0}
    - target: {fileID: 6438800304537601284, guid: a6db99c85f5bff44c9c214dec9318349,
        type: 3}
      propertyPath: m_LocalEulerAnglesHint.x
      value: 0
      objectReference: {fileID: 0}
    - target: {fileID: 6438800304537601284, guid: a6db99c85f5bff44c9c214dec9318349,
        type: 3}
      propertyPath: m_LocalEulerAnglesHint.y
      value: 0
      objectReference: {fileID: 0}
    - target: {fileID: 6438800304537601284, guid: a6db99c85f5bff44c9c214dec9318349,
        type: 3}
      propertyPath: m_LocalEulerAnglesHint.z
      value: 0
      objectReference: {fileID: 0}
    m_RemovedComponents: []
  m_SourcePrefab: {fileID: 100100000, guid: a6db99c85f5bff44c9c214dec9318349, type: 3}
--- !u!1001 &6922471398071022408
PrefabInstance:
  m_ObjectHideFlags: 0
  serializedVersion: 2
  m_Modification:
    m_TransformParent: {fileID: 0}
    m_Modifications:
    - target: {fileID: 6922471398053398625, guid: 127b63c5e988a4b4a845f02ac98c7e2c,
        type: 3}
      propertyPath: m_Name
      value: Brain
      objectReference: {fileID: 0}
    - target: {fileID: 6922471398053398630, guid: 127b63c5e988a4b4a845f02ac98c7e2c,
        type: 3}
      propertyPath: m_LocalPosition.x
      value: 0.88
      objectReference: {fileID: 0}
    - target: {fileID: 6922471398053398630, guid: 127b63c5e988a4b4a845f02ac98c7e2c,
        type: 3}
      propertyPath: m_LocalPosition.y
      value: 9.57
      objectReference: {fileID: 0}
    - target: {fileID: 6922471398053398630, guid: 127b63c5e988a4b4a845f02ac98c7e2c,
        type: 3}
      propertyPath: m_LocalPosition.z
      value: -0.044
      objectReference: {fileID: 0}
    - target: {fileID: 6922471398053398630, guid: 127b63c5e988a4b4a845f02ac98c7e2c,
        type: 3}
      propertyPath: m_LocalRotation.x
      value: 0
      objectReference: {fileID: 0}
    - target: {fileID: 6922471398053398630, guid: 127b63c5e988a4b4a845f02ac98c7e2c,
        type: 3}
      propertyPath: m_LocalRotation.y
      value: 0
      objectReference: {fileID: 0}
    - target: {fileID: 6922471398053398630, guid: 127b63c5e988a4b4a845f02ac98c7e2c,
        type: 3}
      propertyPath: m_LocalRotation.z
      value: 0
      objectReference: {fileID: 0}
    - target: {fileID: 6922471398053398630, guid: 127b63c5e988a4b4a845f02ac98c7e2c,
        type: 3}
      propertyPath: m_LocalRotation.w
      value: 1
      objectReference: {fileID: 0}
    - target: {fileID: 6922471398053398630, guid: 127b63c5e988a4b4a845f02ac98c7e2c,
        type: 3}
      propertyPath: m_RootOrder
      value: 8
      objectReference: {fileID: 0}
    - target: {fileID: 6922471398053398630, guid: 127b63c5e988a4b4a845f02ac98c7e2c,
        type: 3}
      propertyPath: m_LocalEulerAnglesHint.x
      value: 0
      objectReference: {fileID: 0}
    - target: {fileID: 6922471398053398630, guid: 127b63c5e988a4b4a845f02ac98c7e2c,
        type: 3}
      propertyPath: m_LocalEulerAnglesHint.y
      value: 0
      objectReference: {fileID: 0}
    - target: {fileID: 6922471398053398630, guid: 127b63c5e988a4b4a845f02ac98c7e2c,
        type: 3}
      propertyPath: m_LocalEulerAnglesHint.z
      value: 0
      objectReference: {fileID: 0}
    - target: {fileID: 6922471398053398630, guid: 127b63c5e988a4b4a845f02ac98c7e2c,
        type: 3}
      propertyPath: m_LocalScale.x
      value: 0.51521
      objectReference: {fileID: 0}
    - target: {fileID: 6922471398053398630, guid: 127b63c5e988a4b4a845f02ac98c7e2c,
        type: 3}
      propertyPath: m_LocalScale.y
      value: 0.51521
      objectReference: {fileID: 0}
    - target: {fileID: 6922471398053398630, guid: 127b63c5e988a4b4a845f02ac98c7e2c,
        type: 3}
      propertyPath: m_LocalScale.z
      value: 0.51521
      objectReference: {fileID: 0}
    - target: {fileID: 6922471398053398631, guid: 127b63c5e988a4b4a845f02ac98c7e2c,
        type: 3}
      propertyPath: target
      value: 
      objectReference: {fileID: 167735048}
    - target: {fileID: 6922471398053398631, guid: 127b63c5e988a4b4a845f02ac98c7e2c,
        type: 3}
      propertyPath: offset.x
      value: -0.15
      objectReference: {fileID: 0}
    - target: {fileID: 6922471398053398631, guid: 127b63c5e988a4b4a845f02ac98c7e2c,
        type: 3}
      propertyPath: offset.y
      value: 0.3
      objectReference: {fileID: 0}
    m_RemovedComponents: []
  m_SourcePrefab: {fileID: 100100000, guid: 127b63c5e988a4b4a845f02ac98c7e2c, type: 3}
--- !u!4 &6922471398071022409 stripped
Transform:
  m_CorrespondingSourceObject: {fileID: 6922471398053398630, guid: 127b63c5e988a4b4a845f02ac98c7e2c,
    type: 3}
  m_PrefabInstance: {fileID: 6922471398071022408}
  m_PrefabAsset: {fileID: 0}
--- !u!1001 &7535370453010935099
PrefabInstance:
  m_ObjectHideFlags: 0
  serializedVersion: 2
  m_Modification:
    m_TransformParent: {fileID: 0}
    m_Modifications:
    - target: {fileID: 538320503, guid: 716d515a0ed320e4da941f9e0ced17f6, type: 3}
      propertyPath: m_Follow
      value: 
      objectReference: {fileID: 6922471398071022409}
    - target: {fileID: 565891374, guid: 716d515a0ed320e4da941f9e0ced17f6, type: 3}
      propertyPath: m_LookAt
      value: 
      objectReference: {fileID: 1628935045}
    - target: {fileID: 1540813609, guid: 716d515a0ed320e4da941f9e0ced17f6, type: 3}
      propertyPath: m_LookAt
      value: 
      objectReference: {fileID: 1628935045}
    - target: {fileID: 7535370453727613216, guid: 716d515a0ed320e4da941f9e0ced17f6,
        type: 3}
      propertyPath: m_Name
      value: Cameras
      objectReference: {fileID: 0}
    - target: {fileID: 7535370453727613222, guid: 716d515a0ed320e4da941f9e0ced17f6,
        type: 3}
      propertyPath: EyesVignette
      value: 
      objectReference: {fileID: 1822367840}
    - target: {fileID: 7535370453727613223, guid: 716d515a0ed320e4da941f9e0ced17f6,
        type: 3}
      propertyPath: m_LocalPosition.x
      value: 0
      objectReference: {fileID: 0}
    - target: {fileID: 7535370453727613223, guid: 716d515a0ed320e4da941f9e0ced17f6,
        type: 3}
      propertyPath: m_LocalPosition.y
      value: 0
      objectReference: {fileID: 0}
    - target: {fileID: 7535370453727613223, guid: 716d515a0ed320e4da941f9e0ced17f6,
        type: 3}
      propertyPath: m_LocalPosition.z
      value: 0
      objectReference: {fileID: 0}
    - target: {fileID: 7535370453727613223, guid: 716d515a0ed320e4da941f9e0ced17f6,
        type: 3}
      propertyPath: m_LocalRotation.x
      value: 0
      objectReference: {fileID: 0}
    - target: {fileID: 7535370453727613223, guid: 716d515a0ed320e4da941f9e0ced17f6,
        type: 3}
      propertyPath: m_LocalRotation.y
      value: 0
      objectReference: {fileID: 0}
    - target: {fileID: 7535370453727613223, guid: 716d515a0ed320e4da941f9e0ced17f6,
        type: 3}
      propertyPath: m_LocalRotation.z
      value: 0
      objectReference: {fileID: 0}
    - target: {fileID: 7535370453727613223, guid: 716d515a0ed320e4da941f9e0ced17f6,
        type: 3}
      propertyPath: m_LocalRotation.w
      value: 1
      objectReference: {fileID: 0}
    - target: {fileID: 7535370453727613223, guid: 716d515a0ed320e4da941f9e0ced17f6,
        type: 3}
      propertyPath: m_RootOrder
      value: 3
      objectReference: {fileID: 0}
    - target: {fileID: 7535370453727613223, guid: 716d515a0ed320e4da941f9e0ced17f6,
        type: 3}
      propertyPath: m_LocalEulerAnglesHint.x
      value: 0
      objectReference: {fileID: 0}
    - target: {fileID: 7535370453727613223, guid: 716d515a0ed320e4da941f9e0ced17f6,
        type: 3}
      propertyPath: m_LocalEulerAnglesHint.y
      value: 0
      objectReference: {fileID: 0}
    - target: {fileID: 7535370453727613223, guid: 716d515a0ed320e4da941f9e0ced17f6,
        type: 3}
      propertyPath: m_LocalEulerAnglesHint.z
      value: 0
      objectReference: {fileID: 0}
    - target: {fileID: 7535370454048300200, guid: 716d515a0ed320e4da941f9e0ced17f6,
        type: 3}
      propertyPath: m_LookAt
      value: 
      objectReference: {fileID: 1553102711}
    - target: {fileID: 7535370454048300201, guid: 716d515a0ed320e4da941f9e0ced17f6,
        type: 3}
      propertyPath: m_LocalRotation.x
      value: -0.22078659
      objectReference: {fileID: 0}
    m_RemovedComponents: []
  m_SourcePrefab: {fileID: 100100000, guid: 716d515a0ed320e4da941f9e0ced17f6, type: 3}
